price,quantity,type,timestamp
91000000,0.0529,0,2024-04-28 00:00:03
90970000,0.1445,0,2024-04-28 00:00:03
90969000,0.0157,0,2024-04-28 00:00:03
90927000,2.7,0,2024-04-28 00:00:03
90921000,0.0258,0,2024-04-28 00:00:03
91011000,0.1036,1,2024-04-28 00:00:03
91012000,0.142,1,2024-04-28 00:00:03
91013000,0.142,1,2024-04-28 00:00:03
91019000,0.0002,1,2024-04-28 00:00:03
91020000,0.0163,1,2024-04-28 00:00:03
91000000,0.013,0,2024-04-28 00:00:09
90970000,0.1445,0,2024-04-28 00:00:09
90969000,0.0157,0,2024-04-28 00:00:09
90940000,0.328,0,2024-04-28 00:00:09
90928000,0.328,0,2024-04-28 00:00:09
91011000,0.0758,1,2024-04-28 00:00:09
91012000,0.142,1,2024-04-28 00:00:09
91013000,0.142,1,2024-04-28 00:00:09
91019000,0.0002,1,2024-04-28 00:00:09
91020000,0.0163,1,2024-04-28 00:00:09
90970000,0.1213,0,2024-04-28 00:00:14
90969000,0.0157,0,2024-04-28 00:00:14
90940000,1.2282,0,2024-04-28 00:00:14
90928000,0.328,0,2024-04-28 00:00:14
90927000,1.8,0,2024-04-28 00:00:14
91011000,0.0758,1,2024-04-28 00:00:14
91012000,0.142,1,2024-04-28 00:00:14
91013000,0.142,1,2024-04-28 00:00:14
91019000,0.0002,1,2024-04-28 00:00:14
91020000,0.01,1,2024-04-28 00:00:14
90969000,0.0157,0,2024-04-28 00:00:19
90941000,0.142,0,2024-04-28 00:00:19
90940000,0.9002,0,2024-04-28 00:00:19
90928000,0.328,0,2024-04-28 00:00:19
90927000,1.8,0,2024-04-28 00:00:19
90970000,0.0003,1,2024-04-28 00:00:19
91011000,0.0003,1,2024-04-28 00:00:19
91012000,0.142,1,2024-04-28 00:00:19
91013000,0.142,1,2024-04-28 00:00:19
91019000,0.0002,1,2024-04-28 00:00:19
90945000,0.328,0,2024-04-28 00:00:24
90933000,0.328,0,2024-04-28 00:00:24
90929000,0.0001,0,2024-04-28 00:00:24
90928000,0.9002,0,2024-04-28 00:00:24
90927000,1.8,0,2024-04-28 00:00:24
90970000,0.0003,1,2024-04-28 00:00:24
91006000,0.0063,1,2024-04-28 00:00:24
91011000,0.0003,1,2024-04-28 00:00:24
91019000,0.0002,1,2024-04-28 00:00:24
91020000,0.01,1,2024-04-28 00:00:24
90945000,0.3284,0,2024-04-28 00:00:29
90933000,0.328,0,2024-04-28 00:00:29
90928000,0.9,0,2024-04-28 00:00:29
90921000,1.8258,0,2024-04-28 00:00:29
90900000,0.0119,0,2024-04-28 00:00:29
90970000,0.0003,1,2024-04-28 00:00:29
91006000,0.0063,1,2024-04-28 00:00:29
91011000,0.0003,1,2024-04-28 00:00:29
91019000,0.0634,1,2024-04-28 00:00:29
91020000,0.01,1,2024-04-28 00:00:29
90970000,0.0061,0,2024-04-28 00:00:34
90950000,0.1411,0,2024-04-28 00:00:34
90949000,0.3282,0,2024-04-28 00:00:34
90945000,0.328,0,2024-04-28 00:00:34
90928000,0.9,0,2024-04-28 00:00:34
91006000,0.1483,1,2024-04-28 00:00:34
91011000,0.0003,1,2024-04-28 00:00:34
91019000,0.0002,1,2024-04-28 00:00:34
91020000,0.01,1,2024-04-28 00:00:34
91021000,0.0002,1,2024-04-28 00:00:34
90970000,0.0061,0,2024-04-28 00:00:39
90950000,0.1406,0,2024-04-28 00:00:39
90949000,0.3282,0,2024-04-28 00:00:39
90945000,0.328,0,2024-04-28 00:00:39
90921000,0.9258,0,2024-04-28 00:00:39
91006000,0.145,1,2024-04-28 00:00:39
91007000,0.1422,1,2024-04-28 00:00:39
91011000,0.0003,1,2024-04-28 00:00:39
91019000,0.0002,1,2024-04-28 00:00:39
91020000,0.01,1,2024-04-28 00:00:39
90950000,0.1203,0,2024-04-28 00:00:44
90949000,0.3282,0,2024-04-28 00:00:44
90945000,0.328,0,2024-04-28 00:00:44
90921000,0.9258,0,2024-04-28 00:00:44
90900000,1.8119,0,2024-04-28 00:00:44
91006000,0.145,1,2024-04-28 00:00:44
91007000,0.1422,1,2024-04-28 00:00:44
91011000,0.0053,1,2024-04-28 00:00:44
91019000,0.0002,1,2024-04-28 00:00:44
91020000,0.01,1,2024-04-28 00:00:44
90949000,0.3282,0,2024-04-28 00:00:49
90945000,0.328,0,2024-04-28 00:00:49
90921000,0.9268,0,2024-04-28 00:00:49
90900000,1.8119,0,2024-04-28 00:00:49
90885000,0.0001,0,2024-04-28 00:00:49
91005000,0.1421,1,2024-04-28 00:00:49
91006000,0.145,1,2024-04-28 00:00:49
91007000,0.1422,1,2024-04-28 00:00:49
91011000,0.0053,1,2024-04-28 00:00:49
91019000,0.0002,1,2024-04-28 00:00:49
90950000,0.1404,0,2024-04-28 00:00:54
90949000,0.3282,0,2024-04-28 00:00:54
90945000,0.328,0,2024-04-28 00:00:54
90921000,0.9268,0,2024-04-28 00:00:54
90900000,1.8005,0,2024-04-28 00:00:54
91004000,0.142,1,2024-04-28 00:00:54
91005000,0.1411,1,2024-04-28 00:00:54
91006000,0.145,1,2024-04-28 00:00:54
91007000,0.0002,1,2024-04-28 00:00:54
91011000,0.0053,1,2024-04-28 00:00:54
90949000,0.3272,0,2024-04-28 00:00:59
90945000,0.328,0,2024-04-28 00:00:59
90921000,0.9268,0,2024-04-28 00:00:59
90900000,1.8005,0,2024-04-28 00:00:59
90885000,0.0001,0,2024-04-28 00:00:59
91002000,0.002,1,2024-04-28 00:00:59
91003000,0.142,1,2024-04-28 00:00:59
91004000,0.142,1,2024-04-28 00:00:59
91005000,0.1411,1,2024-04-28 00:00:59
91006000,0.003,1,2024-04-28 00:00:59
90938000,0.1393,0,2024-04-28 00:01:04
90937000,0.328,0,2024-04-28 00:01:04
90921000,0.9183,0,2024-04-28 00:01:04
90920000,0.328,0,2024-04-28 00:01:04
90900000,1.8005,0,2024-04-28 00:01:04
91001000,0.002,1,2024-04-28 00:01:04
91002000,0.1419,1,2024-04-28 00:01:04
91003000,0.1422,1,2024-04-28 00:01:04
91004000,0.142,1,2024-04-28 00:01:04
91006000,0.003,1,2024-04-28 00:01:04
90937000,0.3088,0,2024-04-28 00:01:10
90921000,0.9182,0,2024-04-28 00:01:10
90920000,0.328,0,2024-04-28 00:01:10
90900000,1.8005,0,2024-04-28 00:01:10
90885000,0.0001,0,2024-04-28 00:01:10
91000000,0.142,1,2024-04-28 00:01:10
91001000,0.142,1,2024-04-28 00:01:10
91002000,0.1419,1,2024-04-28 00:01:10
91003000,0.0002,1,2024-04-28 00:01:10
91005000,0.0001,1,2024-04-28 00:01:10
90938000,0.124,0,2024-04-28 00:01:15
90937000,0.309,0,2024-04-28 00:01:15
90921000,0.9182,0,2024-04-28 00:01:15
90920000,0.328,0,2024-04-28 00:01:15
90900000,1.8005,0,2024-04-28 00:01:15
90999000,0.142,1,2024-04-28 00:01:15
91000000,0.142,1,2024-04-28 00:01:15
91001000,0.142,1,2024-04-28 00:01:15
91003000,0.0002,1,2024-04-28 00:01:15
91005000,0.0001,1,2024-04-28 00:01:15
90937000,0.2895,0,2024-04-28 00:01:20
90921000,0.0182,0,2024-04-28 00:01:20
90920000,0.328,0,2024-04-28 00:01:20
90900000,2.7005,0,2024-04-28 00:01:20
90885000,0.0001,0,2024-04-28 00:01:20
90997000,0.002,1,2024-04-28 00:01:20
90998000,0.1419,1,2024-04-28 00:01:20
90999000,0.142,1,2024-04-28 00:01:20
91000000,0.142,1,2024-04-28 00:01:20
91003000,0.0002,1,2024-04-28 00:01:20
90938000,0.0011,0,2024-04-28 00:01:25
90937000,0.0006,0,2024-04-28 00:01:25
90926000,0.1379,0,2024-04-28 00:01:25
90925000,0.3282,0,2024-04-28 00:01:25
90921000,0.0182,0,2024-04-28 00:01:25
90996000,0.0016,1,2024-04-28 00:01:25
90997000,0.142,1,2024-04-28 00:01:25
90998000,0.1419,1,2024-04-28 00:01:25
91003000,0.0002,1,2024-04-28 00:01:25
91005000,0.0001,1,2024-04-28 00:01:25
90926000,0.1363,0,2024-04-28 00:01:30
90925000,0.3282,0,2024-04-28 00:01:30
90921000,0.0182,0,2024-04-28 00:01:30
90900000,2.7005,0,2024-04-28 00:01:30
90895000,0.328,0,2024-04-28 00:01:30
90995000,0.1441,1,2024-04-28 00:01:30
90996000,0.142,1,2024-04-28 00:01:30
90997000,0.1422,1,2024-04-28 00:01:30
91002000,0.328,1,2024-04-28 00:01:30
91003000,0.0002,1,2024-04-28 00:01:30
90951000,0.1379,0,2024-04-28 00:01:35
90950000,0.3282,0,2024-04-28 00:01:35
90927000,0.0208,0,2024-04-28 00:01:35
90926000,0.9,0,2024-04-28 00:01:35
90925000,0.0002,0,2024-04-28 00:01:35
90994000,0.1421,1,2024-04-28 00:01:35
90995000,0.142,1,2024-04-28 00:01:35
90996000,0.142,1,2024-04-28 00:01:35
90997000,0.0002,1,2024-04-28 00:01:35
91003000,0.0002,1,2024-04-28 00:01:35
90951000,0.0785,0,2024-04-28 00:01:40
90950000,0.3211,0,2024-04-28 00:01:40
90937000,0.328,0,2024-04-28 00:01:40
90927000,1.8,0,2024-04-28 00:01:40
90926000,0.9,0,2024-04-28 00:01:40
90992000,0.002,1,2024-04-28 00:01:40
90993000,0.1421,1,2024-04-28 00:01:40
90994000,0.142,1,2024-04-28 00:01:40
90995000,0.142,1,2024-04-28 00:01:40
90997000,0.0002,1,2024-04-28 00:01:40
90950000,0.3211,0,2024-04-28 00:01:45
90937000,0.328,0,2024-04-28 00:01:45
90927000,1.8,0,2024-04-28 00:01:45
90926000,0.9,0,2024-04-28 00:01:45
90925000,0.0002,0,2024-04-28 00:01:45
90991000,0.0021,1,2024-04-28 00:01:45
90992000,0.142,1,2024-04-28 00:01:45
90993000,0.142,1,2024-04-28 00:01:45
90994000,0.142,1,2024-04-28 00:01:45
90997000,0.0002,1,2024-04-28 00:01:45
90950000,0.3159,0,2024-04-28 00:01:50
90938000,0.0011,0,2024-04-28 00:01:50
90937000,0.328,0,2024-04-28 00:01:50
90927000,1.8,0,2024-04-28 00:01:50
90926000,0.9,0,2024-04-28 00:01:50
90990000,0.0021,1,2024-04-28 00:01:50
90991000,0.142,1,2024-04-28 00:01:50
90992000,0.142,1,2024-04-28 00:01:50
90997000,0.0002,1,2024-04-28 00:01:50
91003000,0.0002,1,2024-04-28 00:01:50
90950000,0.284,0,2024-04-28 00:01:56
90938000,0.0011,0,2024-04-28 00:01:56
90925000,0.0002,0,2024-04-28 00:01:56
90921000,0.0182,0,2024-04-28 00:01:56
90900000,0.0005,0,2024-04-28 00:01:56
90989000,0.1421,1,2024-04-28 00:01:56
90990000,0.142,1,2024-04-28 00:01:56
90991000,0.142,1,2024-04-28 00:01:56
90997000,0.0002,1,2024-04-28 00:01:56
91003000,0.0002,1,2024-04-28 00:01:56
90938000,0.0011,0,2024-04-28 00:02:01
90934000,0.328,0,2024-04-28 00:02:01
90921000,0.0182,0,2024-04-28 00:02:01
90912000,0.328,0,2024-04-28 00:02:01
90900000,0.9026,0,2024-04-28 00:02:01
90950000,0.0552,1,2024-04-28 00:02:01
90987000,0.0634,1,2024-04-28 00:02:01
90988000,0.1421,1,2024-04-28 00:02:01
90989000,0.142,1,2024-04-28 00:02:01
90990000,0.142,1,2024-04-28 00:02:01
90934000,0.3282,0,2024-04-28 00:02:06
90921000,0.0182,0,2024-04-28 00:02:06
90912000,0.328,0,2024-04-28 00:02:06
90900000,0.9026,0,2024-04-28 00:02:06
90885000,1.8001,0,2024-04-28 00:02:06
90949000,0.002,1,2024-04-28 00:02:06
90950000,0.1973,1,2024-04-28 00:02:06
90988000,0.0002,1,2024-04-28 00:02:06
90997000,0.0002,1,2024-04-28 00:02:06
91003000,0.0002,1,2024-04-28 00:02:06
90934000,0.3281,0,2024-04-28 00:02:11
90921000,0.0182,0,2024-04-28 00:02:11
90912000,0.328,0,2024-04-28 00:02:11
90900000,0.9026,0,2024-04-28 00:02:11
90885000,1.8001,0,2024-04-28 00:02:11
90948000,0.002,1,2024-04-28 00:02:11
90950000,0.1972,1,2024-04-28 00:02:11
90988000,0.0002,1,2024-04-28 00:02:11
90997000,0.0002,1,2024-04-28 00:02:11
91003000,0.0002,1,2024-04-28 00:02:11
90934000,0.0002,0,2024-04-28 00:02:16
90921000,0.0182,0,2024-04-28 00:02:16
90920000,0.3282,0,2024-04-28 00:02:16
90900000,0.0026,0,2024-04-28 00:02:16
90885000,2.7001,0,2024-04-28 00:02:16
90947000,0.0021,1,2024-04-28 00:02:16
90948000,0.142,1,2024-04-28 00:02:16
90949000,0.142,1,2024-04-28 00:02:16
90950000,0.142,1,2024-04-28 00:02:16
90988000,0.0636,1,2024-04-28 00:02:16
90934000,0.0002,0,2024-04-28 00:02:21
90921000,0.0182,0,2024-04-28 00:02:21
90920000,0.3282,0,2024-04-28 00:02:21
90900000,0.0026,0,2024-04-28 00:02:21
90886000,0.3286,0,2024-04-28 00:02:21
90946000,0.1441,1,2024-04-28 00:02:21
90947000,0.142,1,2024-04-28 00:02:21
90948000,0.142,1,2024-04-28 00:02:21
90988000,0.0002,1,2024-04-28 00:02:21
90997000,0.0002,1,2024-04-28 00:02:21
90920000,0.0002,0,2024-04-28 00:02:26
90908000,0.328,0,2024-04-28 00:02:26
90900000,0.0026,0,2024-04-28 00:02:26
90886000,0.3288,0,2024-04-28 00:02:26
90885000,0.9001,0,2024-04-28 00:02:26
90934000,0.1425,1,2024-04-28 00:02:26
90945000,0.05,1,2024-04-28 00:02:26
90947000,0.0002,1,2024-04-28 00:02:26
90988000,0.0002,1,2024-04-28 00:02:26
90997000,0.0002,1,2024-04-28 00:02:26
90920000,0.0002,0,2024-04-28 00:02:31
90908000,0.3282,0,2024-04-28 00:02:31
90900000,0.0026,0,2024-04-28 00:02:31
90886000,0.3286,0,2024-04-28 00:02:31
90885000,0.9001,0,2024-04-28 00:02:31
90933000,0.1421,1,2024-04-28 00:02:31
90934000,0.1424,1,2024-04-28 00:02:31
90935000,0.142,1,2024-04-28 00:02:31
90945000,0.05,1,2024-04-28 00:02:31
90947000,0.0002,1,2024-04-28 00:02:31
90922000,0.001,0,2024-04-28 00:02:36
90921000,0.0012,0,2024-04-28 00:02:36
90908000,0.2784,0,2024-04-28 00:02:36
90900000,0.0026,0,2024-04-28 00:02:36
90886000,2.1286,0,2024-04-28 00:02:36
90932000,0.142,1,2024-04-28 00:02:36
90933000,0.1335,1,2024-04-28 00:02:36
90934000,0.1424,1,2024-04-28 00:02:36
90935000,0.0002,1,2024-04-28 00:02:36
90945000,0.05,1,2024-04-28 00:02:36
90923000,0.001,0,2024-04-28 00:02:41
90922000,0.0011,0,2024-04-28 00:02:41
90910000,0.0728,0,2024-04-28 00:02:41
90909000,1.8002,0,2024-04-28 00:02:41
90908000,0.2784,0,2024-04-28 00:02:41
90932000,0.142,1,2024-04-28 00:02:41
90933000,0.1335,1,2024-04-28 00:02:41
90934000,0.1424,1,2024-04-28 00:02:41
90935000,0.0002,1,2024-04-28 00:02:41
90945000,0.05,1,2024-04-28 00:02:41
90924000,0.001,0,2024-04-28 00:02:46
90923000,0.0002,0,2024-04-28 00:02:46
90922000,0.3282,0,2024-04-28 00:02:46
90909000,1.8002,0,2024-04-28 00:02:46
90908000,0.2782,0,2024-04-28 00:02:46
90934000,0.1424,1,2024-04-28 00:02:46
90935000,0.0002,1,2024-04-28 00:02:46
90945000,0.05,1,2024-04-28 00:02:46
90947000,0.0002,1,2024-04-28 00:02:46
90988000,0.0002,1,2024-04-28 00:02:46
90923000,0.0002,0,2024-04-28 00:02:51
90922000,0.3282,0,2024-04-28 00:02:51
90909000,1.8002,0,2024-04-28 00:02:51
90908000,0.2782,0,2024-04-28 00:02:51
90900000,0.9026,0,2024-04-28 00:02:51
90933000,0.016,1,2024-04-28 00:02:51
90934000,0.0004,1,2024-04-28 00:02:51
90935000,0.0002,1,2024-04-28 00:02:51
90945000,0.05,1,2024-04-28 00:02:51
90947000,0.0002,1,2024-04-28 00:02:51
90924000,0.0001,0,2024-04-28 00:02:56
90922000,0.3282,0,2024-04-28 00:02:56
90909000,1.8002,0,2024-04-28 00:02:56
90908000,0.2782,0,2024-04-28 00:02:56
90900000,0.9026,0,2024-04-28 00:02:56
90933000,0.0138,1,2024-04-28 00:02:56
90934000,0.0004,1,2024-04-28 00:02:56
90935000,0.0002,1,2024-04-28 00:02:56
90945000,0.05,1,2024-04-28 00:02:56
90947000,0.0002,1,2024-04-28 00:02:56
90925000,0.1042,0,2024-04-28 00:03:02
90923000,0.1326,0,2024-04-28 00:03:02
90922000,0.3282,0,2024-04-28 00:03:02
90908000,2.0782,0,2024-04-28 00:03:02
90900000,0.9026,0,2024-04-28 00:03:02
90933000,0.0138,1,2024-04-28 00:03:02
90934000,0.0004,1,2024-04-28 00:03:02
90935000,0.0002,1,2024-04-28 00:03:02
90945000,0.05,1,2024-04-28 00:03:02
90947000,0.0002,1,2024-04-28 00:03:02
90953000,0.0952,0,2024-04-28 00:03:07
90952000,0.3281,0,2024-04-28 00:03:07
90925000,0.1019,0,2024-04-28 00:03:07
90923000,0.0002,0,2024-04-28 00:03:07
90922000,0.328,0,2024-04-28 00:03:07
91014000,0.2054,1,2024-04-28 00:03:07
91019000,0.0002,1,2024-04-28 00:03:07
91020000,0.01,1,2024-04-28 00:03:07
91021000,0.0002,1,2024-04-28 00:03:07
91031000,0.1346,1,2024-04-28 00:03:07
90954000,0.1292,0,2024-04-28 00:03:12
90953000,0.0002,0,2024-04-28 00:03:12
90952000,0.3048,0,2024-04-28 00:03:12
90925000,0.1019,0,2024-04-28 00:03:12
90922000,0.328,0,2024-04-28 00:03:12
91014000,0.2055,1,2024-04-28 00:03:12
91015000,0.142,1,2024-04-28 00:03:12
91019000,0.0002,1,2024-04-28 00:03:12
91020000,0.01,1,2024-04-28 00:03:12
91021000,0.0002,1,2024-04-28 00:03:12
90957000,0.001,0,2024-04-28 00:03:17
90956000,0.0001,0,2024-04-28 00:03:17
90953000,0.0002,0,2024-04-28 00:03:17
90952000,0.3048,0,2024-04-28 00:03:17
90925000,0.1019,0,2024-04-28 00:03:17
91012000,0.002,1,2024-04-28 00:03:17
91013000,0.1421,1,2024-04-28 00:03:17
91014000,0.2054,1,2024-04-28 00:03:17
91015000,0.142,1,2024-04-28 00:03:17
91019000,0.0002,1,2024-04-28 00:03:17
90957000,0.001,0,2024-04-28 00:03:22
90956000,0.0001,0,2024-04-28 00:03:22
90953000,0.0002,0,2024-04-28 00:03:22
90952000,0.3048,0,2024-04-28 00:03:22
90925000,0.1019,0,2024-04-28 00:03:22
91007000,0.0021,1,2024-04-28 00:03:22
91008000,0.1453,1,2024-04-28 00:03:22
91014000,0.0634,1,2024-04-28 00:03:22
91019000,0.0002,1,2024-04-28 00:03:22
91020000,0.01,1,2024-04-28 00:03:22
90953000,0.0002,0,2024-04-28 00:03:27
90952000,0.3048,0,2024-04-28 00:03:27
90925000,0.1109,0,2024-04-28 00:03:27
90922000,0.3281,0,2024-04-28 00:03:27
90900000,2.825,0,2024-04-28 00:03:27
91002000,0.0033,1,2024-04-28 00:03:27
91006000,0.002,1,2024-04-28 00:03:27
91007000,0.142,1,2024-04-28 00:03:27
91008000,0.142,1,2024-04-28 00:03:27
91014000,0.0634,1,2024-04-28 00:03:27
90952000,0.2125,0,2024-04-28 00:03:32
90926000,0.1354,0,2024-04-28 00:03:32
90925000,0.1109,0,2024-04-28 00:03:32
90922000,0.3281,0,2024-04-28 00:03:32
90900000,2.825,0,2024-04-28 00:03:32
91001000,0.1421,1,2024-04-28 00:03:32
91002000,0.142,1,2024-04-28 00:03:32
91014000,0.0636,1,2024-04-28 00:03:32
91019000,0.0002,1,2024-04-28 00:03:32
91020000,0.01,1,2024-04-28 00:03:32
90925000,0.0684,0,2024-04-28 00:03:37
90922000,0.0001,0,2024-04-28 00:03:37
90901000,0.1356,0,2024-04-28 00:03:37
90900000,0.125,0,2024-04-28 00:03:37
90886000,0.0006,0,2024-04-28 00:03:37
90994000,0.0033,1,2024-04-28 00:03:37
90999000,0.0001,1,2024-04-28 00:03:37
91000000,0.2553,1,2024-04-28 00:03:37
91001000,0.142,1,2024-04-28 00:03:37
91002000,0.0002,1,2024-04-28 00:03:37
90927000,0.0862,0,2024-04-28 00:03:42
90926000,0.3282,0,2024-04-28 00:03:42
90925000,0.0684,0,2024-04-28 00:03:42
90922000,0.0001,0,2024-04-28 00:03:42
90901000,0.0002,0,2024-04-28 00:03:42
90992000,0.002,1,2024-04-28 00:03:42
90993000,0.2055,1,2024-04-28 00:03:42
90994000,0.0033,1,2024-04-28 00:03:42
90999000,0.328,1,2024-04-28 00:03:42
91002000,0.0002,1,2024-04-28 00:03:42
90927000,0.0751,0,2024-04-28 00:03:47
90926000,0.3282,0,2024-04-28 00:03:47
90925000,0.0684,0,2024-04-28 00:03:47
90922000,0.0001,0,2024-04-28 00:03:47
90901000,0.0002,0,2024-04-28 00:03:47
90986000,0.0033,1,2024-04-28 00:03:47
90991000,0.0021,1,2024-04-28 00:03:47
90992000,0.142,1,2024-04-28 00:03:47
90993000,0.142,1,2024-04-28 00:03:47
91002000,0.0002,1,2024-04-28 00:03:47
90927000,0.0457,0,2024-04-28 00:03:53
90926000,0.3282,0,2024-04-28 00:03:53
90925000,0.0684,0,2024-04-28 00:03:53
90922000,0.0001,0,2024-04-28 00:03:53
90901000,0.0002,0,2024-04-28 00:03:53
90986000,0.1411,1,2024-04-28 00:03:53
90994000,0.002,1,2024-04-28 00:03:53
90995000,0.0634,1,2024-04-28 00:03:53
91002000,0.0002,1,2024-04-28 00:03:53
91014000,0.0002,1,2024-04-28 00:03:53
90927000,0.0437,0,2024-04-28 00:03:58
90926000,0.0002,0,2024-04-28 00:03:58
90925000,0.0684,0,2024-04-28 00:03:58
90922000,0.0001,0,2024-04-28 00:03:58
90901000,1.8002,0,2024-04-28 00:03:58
90985000,0.002,1,2024-04-28 00:03:58
90986000,0.1411,1,2024-04-28 00:03:58
90987000,0.142,1,2024-04-28 00:03:58
91002000,0.0002,1,2024-04-28 00:03:58
91014000,0.0002,1,2024-04-28 00:03:58
90943000,0.3135,0,2024-04-28 00:04:03
90927000,0.0005,0,2024-04-28 00:04:03
90926000,0.0002,0,2024-04-28 00:04:03
90925000,0.0684,0,2024-04-28 00:04:03
90901000,1.8,0,2024-04-28 00:04:03
90984000,0.0022,1,2024-04-28 00:04:03
90985000,0.142,1,2024-04-28 00:04:03
90986000,0.1411,1,2024-04-28 00:04:03
91002000,0.0002,1,2024-04-28 00:04:03
91014000,0.0002,1,2024-04-28 00:04:03
90944000,0.0376,0,2024-04-28 00:04:08
90943000,0.3122,0,2024-04-28 00:04:08
90927000,0.0005,0,2024-04-28 00:04:08
90926000,0.0002,0,2024-04-28 00:04:08
90925000,0.0684,0,2024-04-28 00:04:08
90983000,0.1442,1,2024-04-28 00:04:08
90984000,0.142,1,2024-04-28 00:04:08
90985000,0.142,1,2024-04-28 00:04:08
91002000,0.0002,1,2024-04-28 00:04:08
91014000,0.0002,1,2024-04-28 00:04:08
90944000,0.0192,0,2024-04-28 00:04:13
90943000,0.3122,0,2024-04-28 00:04:13
90927000,0.0005,0,2024-04-28 00:04:13
90926000,0.0002,0,2024-04-28 00:04:13
90925000,0.0684,0,2024-04-28 00:04:13
90982000,0.1338,1,2024-04-28 00:04:13
90983000,0.142,1,2024-04-28 00:04:13
90984000,0.142,1,2024-04-28 00:04:13
91002000,0.0002,1,2024-04-28 00:04:13
91014000,0.0002,1,2024-04-28 00:04:13
90945000,0.001,0,2024-04-28 00:04:18
90944000,0.0193,0,2024-04-28 00:04:18
90943000,0.3122,0,2024-04-28 00:04:18
90927000,0.0006,0,2024-04-28 00:04:18
90926000,0.0002,0,2024-04-28 00:04:18
90982000,0.1338,1,2024-04-28 00:04:18
90983000,0.142,1,2024-04-28 00:04:18
90984000,0.142,1,2024-04-28 00:04:18
90991000,0.0193,1,2024-04-28 00:04:18
91002000,0.0002,1,2024-04-28 00:04:18
90945000,0.001,0,2024-04-28 00:04:23
90944000,0.0003,0,2024-04-28 00:04:23
90943000,0.3122,0,2024-04-28 00:04:23
90927000,0.0006,0,2024-04-28 00:04:23
90926000,0.0002,0,2024-04-28 00:04:23
90981000,0.002,1,2024-04-28 00:04:23
90982000,0.1338,1,2024-04-28 00:04:23
90983000,0.142,1,2024-04-28 00:04:23
90984000,0.142,1,2024-04-28 00:04:23
90991000,0.0193,1,2024-04-28 00:04:23
90945000,0.0027,0,2024-04-28 00:04:28
90944000,0.0371,0,2024-04-28 00:04:28
90943000,0.312,0,2024-04-28 00:04:28
90927000,0.0006,0,2024-04-28 00:04:28
90926000,0.0002,0,2024-04-28 00:04:28
90980000,0.0021,1,2024-04-28 00:04:28
90981000,0.142,1,2024-04-28 00:04:28
90982000,0.1338,1,2024-04-28 00:04:28
91001000,0.0634,1,2024-04-28 00:04:28
91002000,0.0002,1,2024-04-28 00:04:28
90945000,0.0027,0,2024-04-28 00:04:33
90944000,0.0371,0,2024-04-28 00:04:33
90943000,0.312,0,2024-04-28 00:04:33
90927000,0.0006,0,2024-04-28 00:04:33
90926000,0.0002,0,2024-04-28 00:04:33
90979000,0.0021,1,2024-04-28 00:04:33
90980000,0.142,1,2024-04-28 00:04:33
90981000,0.142,1,2024-04-28 00:04:33
91001000,0.0634,1,2024-04-28 00:04:33
91002000,0.0002,1,2024-04-28 00:04:33
90945000,0.0451,0,2024-04-28 00:04:38
90944000,0.0371,0,2024-04-28 00:04:38
90943000,0.312,0,2024-04-28 00:04:38
90927000,0.0006,0,2024-04-28 00:04:38
90926000,0.0002,0,2024-04-28 00:04:38
90978000,0.1421,1,2024-04-28 00:04:38
90979000,0.142,1,2024-04-28 00:04:38
90980000,0.142,1,2024-04-28 00:04:38
91001000,0.0634,1,2024-04-28 00:04:38
91002000,0.0002,1,2024-04-28 00:04:38
90945000,0.0223,0,2024-04-28 00:04:44
90944000,0.0378,0,2024-04-28 00:04:44
90943000,0.0002,0,2024-04-28 00:04:44
90927000,0.0006,0,2024-04-28 00:04:44
90925000,0.0684,0,2024-04-28 00:04:44
90977000,0.1421,1,2024-04-28 00:04:44
90978000,0.142,1,2024-04-28 00:04:44
90979000,0.142,1,2024-04-28 00:04:44
91002000,0.0002,1,2024-04-28 00:04:44
91014000,0.0002,1,2024-04-28 00:04:44
90945000,0.0223,0,2024-04-28 00:04:49
90944000,0.0378,0,2024-04-28 00:04:49
90943000,0.0002,0,2024-04-28 00:04:49
90927000,0.069,0,2024-04-28 00:04:49
90926000,0.3282,0,2024-04-28 00:04:49
90975000,0.002,1,2024-04-28 00:04:49
90976000,0.142,1,2024-04-28 00:04:49
90977000,0.142,1,2024-04-28 00:04:49
90978000,0.142,1,2024-04-28 00:04:49
90981000,0.0378,1,2024-04-28 00:04:49
90945000,0.0168,0,2024-04-28 00:04:54
90944000,0.0378,0,2024-04-28 00:04:54
90943000,0.0002,0,2024-04-28 00:04:54
90927000,0.0007,0,2024-04-28 00:04:54
90926000,0.3282,0,2024-04-28 00:04:54
90974000,0.0021,1,2024-04-28 00:04:54
90975000,0.142,1,2024-04-28 00:04:54
90976000,0.142,1,2024-04-28 00:04:54
90982000,0.0378,1,2024-04-28 00:04:54
91002000,0.0002,1,2024-04-28 00:04:54
90945000,0.0152,0,2024-04-28 00:04:59
90944000,0.0378,0,2024-04-28 00:04:59
90943000,0.0002,0,2024-04-28 00:04:59
90927000,0.069,0,2024-04-28 00:04:59
90926000,0.3282,0,2024-04-28 00:04:59
90973000,0.1421,1,2024-04-28 00:04:59
90974000,0.142,1,2024-04-28 00:04:59
90975000,0.142,1,2024-04-28 00:04:59
91002000,0.0002,1,2024-04-28 00:04:59
91014000,0.0002,1,2024-04-28 00:04:59
90945000,0.0003,0,2024-04-28 00:05:04
90944000,0.0378,0,2024-04-28 00:05:04
90943000,0.0002,0,2024-04-28 00:05:04
90927000,0.069,0,2024-04-28 00:05:04
90926000,0.3282,0,2024-04-28 00:05:04
90972000,0.1421,1,2024-04-28 00:05:04
90973000,0.142,1,2024-04-28 00:05:04
90974000,0.142,1,2024-04-28 00:05:04
91002000,0.0002,1,2024-04-28 00:05:04
91014000,0.0002,1,2024-04-28 00:05:04
90945000,0.1047,0,2024-04-28 00:05:09
90944000,0.0378,0,2024-04-28 00:05:09
90943000,0.0002,0,2024-04-28 00:05:09
90927000,0.069,0,2024-04-28 00:05:09
90926000,0.3282,0,2024-04-28 00:05:09
90970000,0.002,1,2024-04-28 00:05:09
90971000,0.142,1,2024-04-28 00:05:09
90972000,0.142,1,2024-04-28 00:05:09
91002000,0.0276,1,2024-04-28 00:05:09
91014000,0.0002,1,2024-04-28 00:05:09
90950000,0.0037,0,2024-04-28 00:05:14
90945000,0.1553,0,2024-04-28 00:05:14
90944000,0.0378,0,2024-04-28 00:05:14
90943000,0.3282,0,2024-04-28 00:05:14
90927000,0.0524,0,2024-04-28 00:05:14
90969000,0.0021,1,2024-04-28 00:05:14
90970000,0.142,1,2024-04-28 00:05:14
90971000,0.142,1,2024-04-28 00:05:14
91002000,0.0276,1,2024-04-28 00:05:14
91014000,0.0002,1,2024-04-28 00:05:14
90950000,0.0037,0,2024-04-28 00:05:19
90945000,0.1553,0,2024-04-28 00:05:19
90944000,0.0378,0,2024-04-28 00:05:19
90943000,0.3282,0,2024-04-28 00:05:19
90927000,0.0524,0,2024-04-28 00:05:19
90968000,0.0021,1,2024-04-28 00:05:19
90970000,0.142,1,2024-04-28 00:05:19
91002000,0.0276,1,2024-04-28 00:05:19
91014000,0.0002,1,2024-04-28 00:05:19
91019000,0.0002,1,2024-04-28 00:05:19
90950000,0.0105,0,2024-04-28 00:05:24
90946000,0.0825,0,2024-04-28 00:05:24
90945000,0.1553,0,2024-04-28 00:05:24
90944000,0.038,0,2024-04-28 00:05:24
90943000,0.3282,0,2024-04-28 00:05:24
90967000,0.0001,1,2024-04-28 00:05:24
91000000,0.0276,1,2024-04-28 00:05:24
91002000,0.0276,1,2024-04-28 00:05:24
91014000,0.0002,1,2024-04-28 00:05:24
91019000,0.0002,1,2024-04-28 00:05:24
90950000,0.0105,0,2024-04-28 00:05:29
90945000,0.0521,0,2024-04-28 00:05:29
90944000,0.038,0,2024-04-28 00:05:29
90943000,0.328,0,2024-04-28 00:05:29
90927000,0.0522,0,2024-04-28 00:05:29
90966000,0.0001,1,2024-04-28 00:05:29
91000000,0.0276,1,2024-04-28 00:05:29
91002000,0.0276,1,2024-04-28 00:05:29
91014000,0.0002,1,2024-04-28 00:05:29
91019000,0.0002,1,2024-04-28 00:05:29
90950000,0.0105,0,2024-04-28 00:05:34
90945000,0.0521,0,2024-04-28 00:05:34
90944000,0.038,0,2024-04-28 00:05:34
90943000,0.3282,0,2024-04-28 00:05:34
90927000,0.0522,0,2024-04-28 00:05:34
90964000,0.002,1,2024-04-28 00:05:34
90965000,0.0001,1,2024-04-28 00:05:34
91000000,0.0276,1,2024-04-28 00:05:34
91002000,0.0276,1,2024-04-28 00:05:34
91014000,0.0002,1,2024-04-28 00:05:34
90950000,0.0138,0,2024-04-28 00:05:39
90945000,0.0521,0,2024-04-28 00:05:39
90944000,0.038,0,2024-04-28 00:05:39
90943000,0.3282,0,2024-04-28 00:05:39
90927000,0.0522,0,2024-04-28 00:05:39
90963000,0.002,1,2024-04-28 00:05:39
90964000,0.0001,1,2024-04-28 00:05:39
91000000,0.0276,1,2024-04-28 00:05:39
91002000,0.0276,1,2024-04-28 00:05:39
91014000,0.0002,1,2024-04-28 00:05:39
90945000,0.0521,0,2024-04-28 00:05:44
90944000,0.038,0,2024-04-28 00:05:44
90931000,0.328,0,2024-04-28 00:05:44
90927000,0.0522,0,2024-04-28 00:05:44
90925000,0.0684,0,2024-04-28 00:05:44
90949000,0.0021,1,2024-04-28 00:05:44
90950000,0.041,1,2024-04-28 00:05:44
91000000,0.0276,1,2024-04-28 00:05:44
91002000,0.0276,1,2024-04-28 00:05:44
91014000,0.0002,1,2024-04-28 00:05:44
90945000,0.0522,0,2024-04-28 00:05:50
90944000,0.038,0,2024-04-28 00:05:50
90932000,0.0911,0,2024-04-28 00:05:50
90931000,0.3282,0,2024-04-28 00:05:50
90927000,0.0522,0,2024-04-28 00:05:50
90948000,0.002,1,2024-04-28 00:05:50
90950000,0.0416,1,2024-04-28 00:05:50
91000000,0.0276,1,2024-04-28 00:05:50
91002000,0.0002,1,2024-04-28 00:05:50
91014000,0.0002,1,2024-04-28 00:05:50
90945000,0.0522,0,2024-04-28 00:05:55
90944000,0.038,0,2024-04-28 00:05:55
90932000,0.1311,0,2024-04-28 00:05:55
90931000,0.328,0,2024-04-28 00:05:55
90927000,0.0522,0,2024-04-28 00:05:55
90949000,0.0001,1,2024-04-28 00:05:55
90950000,0.0416,1,2024-04-28 00:05:55
91000000,0.0276,1,2024-04-28 00:05:55
91002000,0.0002,1,2024-04-28 00:05:55
91014000,0.0002,1,2024-04-28 00:05:55
90947000,0.0095,0,2024-04-28 00:06:00
90946000,0.0001,0,2024-04-28 00:06:00
90945000,0.0521,0,2024-04-28 00:06:00
90944000,0.038,0,2024-04-28 00:06:00
90932000,0.1311,0,2024-04-28 00:06:00
90950000,0.0412,1,2024-04-28 00:06:00
91002000,0.0002,1,2024-04-28 00:06:00
91014000,0.0002,1,2024-04-28 00:06:00
91019000,0.0002,1,2024-04-28 00:06:00
91020000,0.01,1,2024-04-28 00:06:00
90960000,0.1311,0,2024-04-28 00:06:05
90959000,0.328,0,2024-04-28 00:06:05
90950000,0.0095,0,2024-04-28 00:06:05
90948000,0.001,0,2024-04-28 00:06:05
90947000,0.0011,0,2024-04-28 00:06:05
91002000,0.0002,1,2024-04-28 00:06:05
91014000,0.0002,1,2024-04-28 00:06:05
91019000,0.0002,1,2024-04-28 00:06:05
91020000,0.01,1,2024-04-28 00:06:05
91021000,0.0002,1,2024-04-28 00:06:05
90962000,0.001,0,2024-04-28 00:06:10
90961000,0.001,0,2024-04-28 00:06:10
90960000,0.1312,0,2024-04-28 00:06:10
90959000,0.3282,0,2024-04-28 00:06:10
90945000,0.0521,0,2024-04-28 00:06:10
91002000,0.1422,1,2024-04-28 00:06:10
91014000,0.0002,1,2024-04-28 00:06:10
91019000,0.0002,1,2024-04-28 00:06:10
91020000,0.01,1,2024-04-28 00:06:10
91021000,0.0002,1,2024-04-28 00:06:10
90962000,0.001,0,2024-04-28 00:06:15
90961000,0.0006,0,2024-04-28 00:06:15
90960000,0.1311,0,2024-04-28 00:06:15
90959000,0.3282,0,2024-04-28 00:06:15
90945000,0.0521,0,2024-04-28 00:06:15
91002000,0.1422,1,2024-04-28 00:06:15
91003000,0.142,1,2024-04-28 00:06:15
91014000,0.0002,1,2024-04-28 00:06:15
91019000,0.0002,1,2024-04-28 00:06:15
91020000,0.01,1,2024-04-28 00:06:15
90961000,0.0006,0,2024-04-28 00:06:20
90960000,0.1311,0,2024-04-28 00:06:20
90959000,0.3282,0,2024-04-28 00:06:20
90945000,0.0521,0,2024-04-28 00:06:20
90944000,0.0375,0,2024-04-28 00:06:20
91002000,0.1422,1,2024-04-28 00:06:20
91003000,0.142,1,2024-04-28 00:06:20
91014000,0.0002,1,2024-04-28 00:06:20
91019000,0.0002,1,2024-04-28 00:06:20
91020000,0.01,1,2024-04-28 00:06:20
90962000,0.0021,0,2024-04-28 00:06:25
90961000,0.0005,0,2024-04-28 00:06:25
90959000,0.0002,0,2024-04-28 00:06:25
90946000,0.1311,0,2024-04-28 00:06:25
90945000,0.0521,0,2024-04-28 00:06:25
90963000,0.0001,1,2024-04-28 00:06:25
91002000,0.0002,1,2024-04-28 00:06:25
91014000,0.0002,1,2024-04-28 00:06:25
91019000,0.0002,1,2024-04-28 00:06:25
91020000,0.01,1,2024-04-28 00:06:25
90962000,0.0021,0,2024-04-28 00:06:30
90961000,0.0005,0,2024-04-28 00:06:30
90959000,0.0002,0,2024-04-28 00:06:30
90946000,0.3282,0,2024-04-28 00:06:30
90945000,0.0521,0,2024-04-28 00:06:30
90963000,0.0001,1,2024-04-28 00:06:30
91002000,0.0002,1,2024-04-28 00:06:30
91014000,0.0002,1,2024-04-28 00:06:30
91019000,0.0972,1,2024-04-28 00:06:30
91020000,0.01,1,2024-04-28 00:06:30
90962000,0.0011,0,2024-04-28 00:06:35
90961000,0.0005,0,2024-04-28 00:06:35
90959000,0.0002,0,2024-04-28 00:06:35
90947000,0.1311,0,2024-04-28 00:06:35
90946000,0.3282,0,2024-04-28 00:06:35
90963000,0.0001,1,2024-04-28 00:06:35
91002000,0.0002,1,2024-04-28 00:06:35
91014000,0.0002,1,2024-04-28 00:06:35
91019000,0.0002,1,2024-04-28 00:06:35
91020000,0.01,1,2024-04-28 00:06:35
90962000,0.0011,0,2024-04-28 00:06:40
90961000,0.0005,0,2024-04-28 00:06:40
90959000,0.0002,0,2024-04-28 00:06:40
90950000,0.0001,0,2024-04-28 00:06:40
90947000,0.1311,0,2024-04-28 00:06:40
90963000,0.0001,1,2024-04-28 00:06:40
91002000,0.0002,1,2024-04-28 00:06:40
91014000,0.0002,1,2024-04-28 00:06:40
91019000,0.0002,1,2024-04-28 00:06:40
91020000,0.01,1,2024-04-28 00:06:40
90962000,0.0001,0,2024-04-28 00:06:45
90961000,0.0005,0,2024-04-28 00:06:45
90959000,0.0002,0,2024-04-28 00:06:45
90950000,0.0001,0,2024-04-28 00:06:45
90947000,0.1311,0,2024-04-28 00:06:45
90963000,0.0001,1,2024-04-28 00:06:45
91002000,0.0002,1,2024-04-28 00:06:45
91014000,0.0002,1,2024-04-28 00:06:45
91019000,0.0002,1,2024-04-28 00:06:45
91020000,0.01,1,2024-04-28 00:06:45
90962000,0.0021,0,2024-04-28 00:06:50
90961000,0.0005,0,2024-04-28 00:06:50
90959000,0.0002,0,2024-04-28 00:06:50
90950000,0.0001,0,2024-04-28 00:06:50
90947000,0.1311,0,2024-04-28 00:06:50
90963000,0.0001,1,2024-04-28 00:06:50
91002000,0.0002,1,2024-04-28 00:06:50
91014000,0.0002,1,2024-04-28 00:06:50
91019000,0.0002,1,2024-04-28 00:06:50
91020000,0.01,1,2024-04-28 00:06:50
90962000,0.0021,0,2024-04-28 00:06:55
90961000,0.0005,0,2024-04-28 00:06:55
90959000,0.0002,0,2024-04-28 00:06:55
90950000,0.0001,0,2024-04-28 00:06:55
90947000,0.1311,0,2024-04-28 00:06:55
90963000,0.0001,1,2024-04-28 00:06:55
91002000,0.0002,1,2024-04-28 00:06:55
91014000,0.0002,1,2024-04-28 00:06:55
91019000,0.0002,1,2024-04-28 00:06:55
91020000,0.01,1,2024-04-28 00:06:55
90962000,0.0011,0,2024-04-28 00:07:01
90961000,0.0005,0,2024-04-28 00:07:01
90959000,0.0002,0,2024-04-28 00:07:01
90950000,0.0001,0,2024-04-28 00:07:01
90947000,0.1311,0,2024-04-28 00:07:01
90963000,0.0001,1,2024-04-28 00:07:01
91002000,0.0002,1,2024-04-28 00:07:01
91014000,0.0002,1,2024-04-28 00:07:01
91019000,0.0002,1,2024-04-28 00:07:01
91020000,0.01,1,2024-04-28 00:07:01
90963000,0.328,0,2024-04-28 00:07:06
90962000,0.001,0,2024-04-28 00:07:06
90961000,0.0005,0,2024-04-28 00:07:06
90959000,0.0002,0,2024-04-28 00:07:06
90950000,0.0001,0,2024-04-28 00:07:06
91002000,0.0002,1,2024-04-28 00:07:06
91014000,0.0002,1,2024-04-28 00:07:06
91019000,0.0002,1,2024-04-28 00:07:06
91020000,0.01,1,2024-04-28 00:07:06
91021000,0.0002,1,2024-04-28 00:07:06
90963000,0.3283,0,2024-04-28 00:07:11
90961000,0.0005,0,2024-04-28 00:07:11
90959000,0.0002,0,2024-04-28 00:07:11
90950000,0.0001,0,2024-04-28 00:07:11
90945000,0.0521,0,2024-04-28 00:07:11
91002000,0.1422,1,2024-04-28 00:07:11
91003000,0.142,1,2024-04-28 00:07:11
91014000,0.0002,1,2024-04-28 00:07:11
91019000,0.0002,1,2024-04-28 00:07:11
91020000,0.01,1,2024-04-28 00:07:11
90964000,0.1308,0,2024-04-28 00:07:16
90963000,0.3282,0,2024-04-28 00:07:16
90961000,0.0005,0,2024-04-28 00:07:16
90959000,0.0002,0,2024-04-28 00:07:16
90950000,0.0001,0,2024-04-28 00:07:16
91002000,0.1303,1,2024-04-28 00:07:16
91003000,0.142,1,2024-04-28 00:07:16
91014000,0.0002,1,2024-04-28 00:07:16
91019000,0.0002,1,2024-04-28 00:07:16
91020000,0.01,1,2024-04-28 00:07:16
90966000,0.001,0,2024-04-28 00:07:21
90965000,0.0011,0,2024-04-28 00:07:21
90964000,0.0367,0,2024-04-28 00:07:21
90963000,0.3282,0,2024-04-28 00:07:21
90961000,0.0005,0,2024-04-28 00:07:21
91002000,0.1303,1,2024-04-28 00:07:21
91003000,0.142,1,2024-04-28 00:07:21
91014000,0.0002,1,2024-04-28 00:07:21
91019000,0.0002,1,2024-04-28 00:07:21
91020000,0.01,1,2024-04-28 00:07:21
90967000,0.001,0,2024-04-28 00:07:26
90966000,0.0012,0,2024-04-28 00:07:26
90964000,0.0367,0,2024-04-28 00:07:26
90963000,0.3282,0,2024-04-28 00:07:26
90961000,0.0005,0,2024-04-28 00:07:26
91002000,0.1301,1,2024-04-28 00:07:26
91003000,0.142,1,2024-04-28 00:07:26
91014000,0.0002,1,2024-04-28 00:07:26
91019000,0.0002,1,2024-04-28 00:07:26
91020000,0.01,1,2024-04-28 00:07:26
90967000,0.0011,0,2024-04-28 00:07:31
90964000,0.0367,0,2024-04-28 00:07:31
90963000,0.3282,0,2024-04-28 00:07:31
90961000,0.0005,0,2024-04-28 00:07:31
90959000,0.0002,0,2024-04-28 00:07:31
91002000,0.1301,1,2024-04-28 00:07:31
91003000,0.142,1,2024-04-28 00:07:31
91014000,0.0002,1,2024-04-28 00:07:31
91019000,0.0002,1,2024-04-28 00:07:31
91020000,0.01,1,2024-04-28 00:07:31
90967000,0.0001,0,2024-04-28 00:07:36
90963000,0.3282,0,2024-04-28 00:07:36
90961000,0.0005,0,2024-04-28 00:07:36
90959000,0.0002,0,2024-04-28 00:07:36
90950000,0.0001,0,2024-04-28 00:07:36
91002000,0.1301,1,2024-04-28 00:07:36
91003000,0.142,1,2024-04-28 00:07:36
91014000,0.0002,1,2024-04-28 00:07:36
91019000,0.0002,1,2024-04-28 00:07:36
91020000,0.01,1,2024-04-28 00:07:36
90969000,0.001,0,2024-04-28 00:07:41
90968000,0.0011,0,2024-04-28 00:07:41
90964000,0.1307,0,2024-04-28 00:07:41
90963000,0.3282,0,2024-04-28 00:07:41
90961000,0.0005,0,2024-04-28 00:07:41
91002000,0.1301,1,2024-04-28 00:07:41
91003000,0.142,1,2024-04-28 00:07:41
91014000,0.0002,1,2024-04-28 00:07:41
91019000,0.0002,1,2024-04-28 00:07:41
91020000,0.01,1,2024-04-28 00:07:41
90970000,0.001,0,2024-04-28 00:07:46
90969000,0.0011,0,2024-04-28 00:07:46
90963000,0.3282,0,2024-04-28 00:07:46
90961000,0.0005,0,2024-04-28 00:07:46
90959000,0.0002,0,2024-04-28 00:07:46
91002000,0.13,1,2024-04-28 00:07:46
91003000,0.142,1,2024-04-28 00:07:46
91014000,0.0002,1,2024-04-28 00:07:46
91019000,0.0027,1,2024-04-28 00:07:46
91020000,0.01,1,2024-04-28 00:07:46
90970000,0.0013,0,2024-04-28 00:07:51
90964000,0.1307,0,2024-04-28 00:07:51
90963000,0.3282,0,2024-04-28 00:07:51
90961000,0.0005,0,2024-04-28 00:07:51
90959000,0.0002,0,2024-04-28 00:07:51
91002000,0.1275,1,2024-04-28 00:07:51
91003000,0.142,1,2024-04-28 00:07:51
91014000,0.0002,1,2024-04-28 00:07:51
91019000,0.0027,1,2024-04-28 00:07:51
91020000,0.01,1,2024-04-28 00:07:51
90970000,0.0003,0,2024-04-28 00:07:57
90964000,0.1307,0,2024-04-28 00:07:57
90963000,0.3282,0,2024-04-28 00:07:57
90961000,0.0005,0,2024-04-28 00:07:57
90959000,0.0002,0,2024-04-28 00:07:57
91002000,0.1275,1,2024-04-28 00:07:57
91003000,0.142,1,2024-04-28 00:07:57
91014000,0.0002,1,2024-04-28 00:07:57
91019000,0.0027,1,2024-04-28 00:07:57
91020000,0.01,1,2024-04-28 00:07:57
90971000,0.0001,0,2024-04-28 00:08:02
90970000,0.0001,0,2024-04-28 00:08:02
90964000,0.1321,0,2024-04-28 00:08:02
90963000,0.3282,0,2024-04-28 00:08:02
90961000,0.0005,0,2024-04-28 00:08:02
91002000,0.1275,1,2024-04-28 00:08:02
91003000,0.142,1,2024-04-28 00:08:02
91014000,0.0002,1,2024-04-28 00:08:02
91019000,0.0027,1,2024-04-28 00:08:02
91020000,0.01,1,2024-04-28 00:08:02
90973000,0.001,0,2024-04-28 00:08:07
90972000,0.0011,0,2024-04-28 00:08:07
90970000,0.0001,0,2024-04-28 00:08:07
90964000,0.1321,0,2024-04-28 00:08:07
90963000,0.3282,0,2024-04-28 00:08:07
91002000,0.1275,1,2024-04-28 00:08:07
91003000,0.142,1,2024-04-28 00:08:07
91014000,0.0002,1,2024-04-28 00:08:07
91019000,0.0027,1,2024-04-28 00:08:07
91020000,0.01,1,2024-04-28 00:08:07
90974000,0.001,0,2024-04-28 00:08:12
90973000,0.0011,0,2024-04-28 00:08:12
90970000,0.0001,0,2024-04-28 00:08:12
90964000,0.1321,0,2024-04-28 00:08:12
90963000,0.3282,0,2024-04-28 00:08:12
91002000,0.1275,1,2024-04-28 00:08:12
91003000,0.142,1,2024-04-28 00:08:12
91014000,0.0002,1,2024-04-28 00:08:12
91019000,0.0027,1,2024-04-28 00:08:12
91020000,0.01,1,2024-04-28 00:08:12
90975000,0.0001,0,2024-04-28 00:08:17
90974000,0.001,0,2024-04-28 00:08:17
90970000,0.0001,0,2024-04-28 00:08:17
90964000,0.1318,0,2024-04-28 00:08:17
90963000,0.3282,0,2024-04-28 00:08:17
91002000,0.1121,1,2024-04-28 00:08:17
91003000,0.142,1,2024-04-28 00:08:17
91014000,0.0002,1,2024-04-28 00:08:17
91019000,0.0027,1,2024-04-28 00:08:17
91020000,0.01,1,2024-04-28 00:08:17
90976000,0.0009,0,2024-04-28 00:08:22
90974000,0.0005,0,2024-04-28 00:08:22
90970000,0.0001,0,2024-04-28 00:08:22
90964000,0.1318,0,2024-04-28 00:08:22
90963000,0.3282,0,2024-04-28 00:08:22
91002000,0.112,1,2024-04-28 00:08:22
91003000,0.142,1,2024-04-28 00:08:22
91014000,0.0002,1,2024-04-28 00:08:22
91019000,0.0027,1,2024-04-28 00:08:22
91020000,0.01,1,2024-04-28 00:08:22
90977000,0.001,0,2024-04-28 00:08:27
90976000,0.0007,0,2024-04-28 00:08:27
90974000,0.0005,0,2024-04-28 00:08:27
90970000,0.0001,0,2024-04-28 00:08:27
90964000,0.1318,0,2024-04-28 00:08:27
91002000,0.112,1,2024-04-28 00:08:27
91003000,0.142,1,2024-04-28 00:08:27
91014000,0.0002,1,2024-04-28 00:08:27
91019000,0.0027,1,2024-04-28 00:08:27
91020000,0.01,1,2024-04-28 00:08:27
90981000,0.1304,0,2024-04-28 00:08:32
90980000,0.0215,0,2024-04-28 00:08:32
90979000,0.001,0,2024-04-28 00:08:32
90977000,0.0001,0,2024-04-28 00:08:32
90976000,0.0007,0,2024-04-28 00:08:32
91002000,0.1056,1,2024-04-28 00:08:32
91003000,0.142,1,2024-04-28 00:08:32
91014000,0.0002,1,2024-04-28 00:08:32
91019000,0.0027,1,2024-04-28 00:08:32
91020000,0.01,1,2024-04-28 00:08:32
91004000,0.1314,0,2024-04-28 00:08:37
91003000,0.328,0,2024-04-28 00:08:37
91001000,0.0002,0,2024-04-28 00:08:37
90993000,0.0505,0,2024-04-28 00:08:37
90990000,0.0317,0,2024-04-28 00:08:37
91019000,0.0002,1,2024-04-28 00:08:37
91020000,0.01,1,2024-04-28 00:08:37
91021000,0.0002,1,2024-04-28 00:08:37
91042000,0.002,1,2024-04-28 00:08:37
91045000,0.0015,1,2024-04-28 00:08:37
91005000,0.0011,0,2024-04-28 00:08:42
91004000,0.131,0,2024-04-28 00:08:42
91003000,0.3282,0,2024-04-28 00:08:42
91001000,0.0002,0,2024-04-28 00:08:42
90993000,0.0505,0,2024-04-28 00:08:42
91020000,0.0,1,2024-04-28 00:08:42
91021000,0.0002,1,2024-04-28 00:08:42
91042000,0.002,1,2024-04-28 00:08:42
91045000,0.0015,1,2024-04-28 00:08:42
91072000,0.0102,1,2024-04-28 00:08:42
91019000,0.001,0,2024-04-28 00:08:47
91018000,0.2003,0,2024-04-28 00:08:47
91006000,0.0078,0,2024-04-28 00:08:47
91005000,0.0011,0,2024-04-28 00:08:47
91004000,0.1309,0,2024-04-28 00:08:47
91020000,0.0,1,2024-04-28 00:08:47
91021000,0.0002,1,2024-04-28 00:08:47
91042000,0.002,1,2024-04-28 00:08:47
91045000,0.0015,1,2024-04-28 00:08:47
91072000,0.0102,1,2024-04-28 00:08:47
91020000,0.2013,0,2024-04-28 00:08:52
91018000,0.0002,0,2024-04-28 00:08:52
91006000,0.0078,0,2024-04-28 00:08:52
91005000,0.0001,0,2024-04-28 00:08:52
91004000,0.1309,0,2024-04-28 00:08:52
91021000,0.0001,1,2024-04-28 00:08:52
91042000,0.002,1,2024-04-28 00:08:52
91045000,0.0015,1,2024-04-28 00:08:52
91072000,0.0102,1,2024-04-28 00:08:52
91073000,0.0002,1,2024-04-28 00:08:52
91020000,0.2003,0,2024-04-28 00:08:57
91018000,0.0002,0,2024-04-28 00:08:57
91006000,0.0079,0,2024-04-28 00:08:57
91004000,0.1309,0,2024-04-28 00:08:57
91003000,0.656,0,2024-04-28 00:08:57
91021000,0.0001,1,2024-04-28 00:08:57
91042000,0.002,1,2024-04-28 00:08:57
91045000,0.0015,1,2024-04-28 00:08:57
91072000,0.0102,1,2024-04-28 00:08:57
91073000,0.0002,1,2024-04-28 00:08:57
91020000,0.3312,0,2024-04-28 00:09:03
91018000,0.0002,0,2024-04-28 00:09:03
91006000,0.0,0,2024-04-28 00:09:03
91003000,0.656,0,2024-04-28 00:09:03
90993000,0.0505,0,2024-04-28 00:09:03
91021000,0.0001,1,2024-04-28 00:09:03
91042000,0.002,1,2024-04-28 00:09:03
91045000,0.0015,1,2024-04-28 00:09:03
91072000,0.0102,1,2024-04-28 00:09:03
91073000,0.0002,1,2024-04-28 00:09:03
91020000,0.3332,0,2024-04-28 00:09:08
91018000,0.0002,0,2024-04-28 00:09:08
91006000,0.0,0,2024-04-28 00:09:08
91003000,0.656,0,2024-04-28 00:09:08
90990000,0.1171,0,2024-04-28 00:09:08
91021000,0.0001,1,2024-04-28 00:09:08
91042000,0.002,1,2024-04-28 00:09:08
91045000,0.0015,1,2024-04-28 00:09:08
91072000,0.0102,1,2024-04-28 00:09:08
91073000,0.0002,1,2024-04-28 00:09:08
91023000,0.001,0,2024-04-28 00:09:13
91022000,0.1319,0,2024-04-28 00:09:13
91021000,0.0001,0,2024-04-28 00:09:13
91020000,0.0043,0,2024-04-28 00:09:13
91018000,0.0,0,2024-04-28 00:09:13
91042000,0.0013,1,2024-04-28 00:09:13
91045000,0.0015,1,2024-04-28 00:09:13
91072000,0.0102,1,2024-04-28 00:09:13
91073000,0.0002,1,2024-04-28 00:09:13
91078000,0.001,1,2024-04-28 00:09:13
91027000,0.1319,0,2024-04-28 00:09:18
91026000,0.2,0,2024-04-28 00:09:18
91025000,0.0001,0,2024-04-28 00:09:18
91024000,0.0001,0,2024-04-28 00:09:18
91021000,0.0002,0,2024-04-28 00:09:18
91042000,0.0013,1,2024-04-28 00:09:18
91045000,0.0015,1,2024-04-28 00:09:18
91072000,0.0102,1,2024-04-28 00:09:18
91073000,0.0002,1,2024-04-28 00:09:18
91078000,0.001,1,2024-04-28 00:09:18
91027000,0.2001,0,2024-04-28 00:09:23
91025000,0.0001,0,2024-04-28 00:09:23
91021000,0.0002,0,2024-04-28 00:09:23
91020000,0.0043,0,2024-04-28 00:09:23
91018000,0.0,0,2024-04-28 00:09:23
91041000,0.002,1,2024-04-28 00:09:23
91042000,0.0013,1,2024-04-28 00:09:23
91045000,0.0015,1,2024-04-28 00:09:23
91072000,0.0102,1,2024-04-28 00:09:23
91073000,0.0002,1,2024-04-28 00:09:23
91027000,0.2001,0,2024-04-28 00:09:28
91021000,0.0002,0,2024-04-28 00:09:28
91020000,0.0043,0,2024-04-28 00:09:28
91018000,0.0,0,2024-04-28 00:09:28
91006000,0.0,0,2024-04-28 00:09:28
91042000,0.0013,1,2024-04-28 00:09:28
91045000,0.0015,1,2024-04-28 00:09:28
91072000,0.0102,1,2024-04-28 00:09:28
91073000,0.0002,1,2024-04-28 00:09:28
91078000,0.001,1,2024-04-28 00:09:28
91027000,0.2001,0,2024-04-28 00:09:33
91021000,0.0002,0,2024-04-28 00:09:33
91020000,0.0043,0,2024-04-28 00:09:33
91018000,0.0,0,2024-04-28 00:09:33
91006000,0.0,0,2024-04-28 00:09:33
91042000,0.0013,1,2024-04-28 00:09:33
91045000,0.0015,1,2024-04-28 00:09:33
91072000,0.0102,1,2024-04-28 00:09:33
91073000,0.0002,1,2024-04-28 00:09:33
91078000,0.001,1,2024-04-28 00:09:33
91027000,0.2001,0,2024-04-28 00:09:38
91021000,0.0002,0,2024-04-28 00:09:38
91020000,0.0043,0,2024-04-28 00:09:38
91018000,0.0,0,2024-04-28 00:09:38
91006000,0.0,0,2024-04-28 00:09:38
91041000,0.144,1,2024-04-28 00:09:38
91042000,0.0013,1,2024-04-28 00:09:38
91045000,0.0015,1,2024-04-28 00:09:38
91072000,0.0102,1,2024-04-28 00:09:38
91073000,0.0002,1,2024-04-28 00:09:38
91027000,0.2001,0,2024-04-28 00:09:43
91021000,0.0002,0,2024-04-28 00:09:43
91020000,0.0043,0,2024-04-28 00:09:43
91018000,0.0,0,2024-04-28 00:09:43
91006000,0.0,0,2024-04-28 00:09:43
91040000,0.002,1,2024-04-28 00:09:43
91041000,0.142,1,2024-04-28 00:09:43
91042000,0.1433,1,2024-04-28 00:09:43
91045000,0.0015,1,2024-04-28 00:09:43
91072000,0.0102,1,2024-04-28 00:09:43
91028000,0.1641,0,2024-04-28 00:09:48
91021000,0.0002,0,2024-04-28 00:09:48
91020000,0.0043,0,2024-04-28 00:09:48
91018000,0.0,0,2024-04-28 00:09:48
91006000,0.0,0,2024-04-28 00:09:48
91039000,0.002,1,2024-04-28 00:09:48
91040000,0.142,1,2024-04-28 00:09:48
91041000,0.142,1,2024-04-28 00:09:48
91042000,0.0013,1,2024-04-28 00:09:48
91045000,0.0015,1,2024-04-28 00:09:48
91028000,0.1405,0,2024-04-28 00:09:53
91021000,0.0002,0,2024-04-28 00:09:53
91020000,0.0043,0,2024-04-28 00:09:53
91018000,0.0,0,2024-04-28 00:09:53
91006000,0.0,0,2024-04-28 00:09:53
91039000,0.1419,1,2024-04-28 00:09:53
91040000,0.142,1,2024-04-28 00:09:53
91042000,0.0013,1,2024-04-28 00:09:53
91045000,0.0015,1,2024-04-28 00:09:53
91072000,0.0102,1,2024-04-28 00:09:53
91028000,0.1405,0,2024-04-28 00:09:58
91021000,0.0002,0,2024-04-28 00:09:58
91020000,0.0043,0,2024-04-28 00:09:58
91018000,0.0,0,2024-04-28 00:09:58
91006000,0.0,0,2024-04-28 00:09:58
91039000,0.1418,1,2024-04-28 00:09:58
91040000,0.142,1,2024-04-28 00:09:58
91042000,0.0013,1,2024-04-28 00:09:58
91045000,0.0015,1,2024-04-28 00:09:58
91072000,0.0102,1,2024-04-28 00:09:58
91028000,0.3457,0,2024-04-28 00:10:03
91020000,0.0043,0,2024-04-28 00:10:03
91018000,0.0,0,2024-04-28 00:10:03
91006000,0.0,0,2024-04-28 00:10:03
91000000,0.0023,0,2024-04-28 00:10:03
91038000,0.002,1,2024-04-28 00:10:03
91039000,0.1418,1,2024-04-28 00:10:03
91040000,0.142,1,2024-04-28 00:10:03
91042000,0.0013,1,2024-04-28 00:10:03
91045000,0.0015,1,2024-04-28 00:10:03
91028000,0.3457,0,2024-04-28 00:10:09
91020000,0.0043,0,2024-04-28 00:10:09
91018000,0.0,0,2024-04-28 00:10:09
91006000,0.0,0,2024-04-28 00:10:09
91000000,0.0045,0,2024-04-28 00:10:09
91038000,0.002,1,2024-04-28 00:10:09
91039000,0.1418,1,2024-04-28 00:10:09
91040000,0.142,1,2024-04-28 00:10:09
91042000,0.0013,1,2024-04-28 00:10:09
91045000,0.0015,1,2024-04-28 00:10:09
91028000,0.3457,0,2024-04-28 00:10:14
91020000,0.0043,0,2024-04-28 00:10:14
91018000,0.0,0,2024-04-28 00:10:14
91006000,0.0,0,2024-04-28 00:10:14
91000000,0.0045,0,2024-04-28 00:10:14
91039000,0.1403,1,2024-04-28 00:10:14
91040000,0.142,1,2024-04-28 00:10:14
91042000,0.0013,1,2024-04-28 00:10:14
91045000,0.0015,1,2024-04-28 00:10:14
91072000,0.0102,1,2024-04-28 00:10:14
91028000,0.3457,0,2024-04-28 00:10:19
91020000,0.0043,0,2024-04-28 00:10:19
91018000,0.0,0,2024-04-28 00:10:19
91006000,0.0,0,2024-04-28 00:10:19
91000000,0.0045,0,2024-04-28 00:10:19
91039000,0.1509,1,2024-04-28 00:10:19
91040000,0.142,1,2024-04-28 00:10:19
91042000,0.0013,1,2024-04-28 00:10:19
91045000,0.0015,1,2024-04-28 00:10:19
91072000,0.0102,1,2024-04-28 00:10:19
91029000,0.1416,0,2024-04-28 00:10:24
91028000,0.2052,0,2024-04-28 00:10:24
91020000,0.0002,0,2024-04-28 00:10:24
91018000,0.0,0,2024-04-28 00:10:24
91006000,0.0,0,2024-04-28 00:10:24
91039000,0.1255,1,2024-04-28 00:10:24
91040000,0.142,1,2024-04-28 00:10:24
91042000,0.0013,1,2024-04-28 00:10:24
91045000,0.0015,1,2024-04-28 00:10:24
91072000,0.0102,1,2024-04-28 00:10:24
91031000,0.001,0,2024-04-28 00:10:29
91030000,0.1404,0,2024-04-28 00:10:29
91029000,0.0002,0,2024-04-28 00:10:29
91028000,0.2052,0,2024-04-28 00:10:29
91020000,0.0002,0,2024-04-28 00:10:29
91039000,0.1255,1,2024-04-28 00:10:29
91040000,0.142,1,2024-04-28 00:10:29
91042000,0.0013,1,2024-04-28 00:10:29
91045000,0.0015,1,2024-04-28 00:10:29
91072000,0.0102,1,2024-04-28 00:10:29
91032000,0.1404,0,2024-04-28 00:10:34
91031000,0.0002,0,2024-04-28 00:10:34
91030000,0.0396,0,2024-04-28 00:10:34
91029000,0.0041,0,2024-04-28 00:10:34
91028000,0.2052,0,2024-04-28 00:10:34
91039000,0.1254,1,2024-04-28 00:10:34
91040000,0.142,1,2024-04-28 00:10:34
91042000,0.0013,1,2024-04-28 00:10:34
91045000,0.0015,1,2024-04-28 00:10:34
91072000,0.0102,1,2024-04-28 00:10:34
91034000,0.001,0,2024-04-28 00:10:39
91033000,0.001,0,2024-04-28 00:10:39
91032000,0.0001,0,2024-04-28 00:10:39
91030000,0.0396,0,2024-04-28 00:10:39
91029000,0.0041,0,2024-04-28 00:10:39
91039000,0.1199,1,2024-04-28 00:10:39
91040000,0.142,1,2024-04-28 00:10:39
91042000,0.0013,1,2024-04-28 00:10:39
91045000,0.0015,1,2024-04-28 00:10:39
91072000,0.0102,1,2024-04-28 00:10:39
91036000,0.001,0,2024-04-28 00:10:44
91035000,0.1414,0,2024-04-28 00:10:44
91034000,0.0001,0,2024-04-28 00:10:44
91032000,0.0,0,2024-04-28 00:10:44
91030000,0.0396,0,2024-04-28 00:10:44
91039000,0.1199,1,2024-04-28 00:10:44
91040000,0.142,1,2024-04-28 00:10:44
91042000,0.0013,1,2024-04-28 00:10:44
91045000,0.0015,1,2024-04-28 00:10:44
91072000,0.0102,1,2024-04-28 00:10:44
91035000,0.1115,0,2024-04-28 00:10:49
91032000,0.0,0,2024-04-28 00:10:49
91030000,0.0396,0,2024-04-28 00:10:49
91029000,0.0041,0,2024-04-28 00:10:49
91028000,0.2052,0,2024-04-28 00:10:49
91039000,0.1199,1,2024-04-28 00:10:49
91040000,0.142,1,2024-04-28 00:10:49
91042000,0.0013,1,2024-04-28 00:10:49
91045000,0.0015,1,2024-04-28 00:10:49
91072000,0.0102,1,2024-04-28 00:10:49
91035000,0.0932,0,2024-04-28 00:10:54
91032000,0.0,0,2024-04-28 00:10:54
91030000,0.0397,0,2024-04-28 00:10:54
91029000,0.0041,0,2024-04-28 00:10:54
91028000,0.2052,0,2024-04-28 00:10:54
91038000,0.002,1,2024-04-28 00:10:54
91039000,0.1199,1,2024-04-28 00:10:54
91040000,0.142,1,2024-04-28 00:10:54
91042000,0.0013,1,2024-04-28 00:10:54
91045000,0.0015,1,2024-04-28 00:10:54
91035000,0.0622,0,2024-04-28 00:10:59
91032000,0.0,0,2024-04-28 00:10:59
91030000,0.0397,0,2024-04-28 00:10:59
91029000,0.0041,0,2024-04-28 00:10:59
91028000,0.0005,0,2024-04-28 00:10:59
91038000,0.002,1,2024-04-28 00:10:59
91039000,0.1199,1,2024-04-28 00:10:59
91040000,0.142,1,2024-04-28 00:10:59
91042000,0.0013,1,2024-04-28 00:10:59
91045000,0.0015,1,2024-04-28 00:10:59
91035000,0.031,0,2024-04-28 00:11:04
91032000,0.0,0,2024-04-28 00:11:04
91030000,0.0397,0,2024-04-28 00:11:04
91029000,0.0041,0,2024-04-28 00:11:04
91028000,0.0006,0,2024-04-28 00:11:04
91038000,0.002,1,2024-04-28 00:11:04
91039000,0.1199,1,2024-04-28 00:11:04
91040000,0.142,1,2024-04-28 00:11:04
91042000,0.0013,1,2024-04-28 00:11:04
91045000,0.0015,1,2024-04-28 00:11:04
91035000,0.0283,0,2024-04-28 00:11:09
91032000,0.0,0,2024-04-28 00:11:09
91030000,0.0397,0,2024-04-28 00:11:09
91029000,0.0041,0,2024-04-28 00:11:09
91028000,0.0006,0,2024-04-28 00:11:09
91039000,0.1199,1,2024-04-28 00:11:09
91040000,0.142,1,2024-04-28 00:11:09
91042000,0.0013,1,2024-04-28 00:11:09
91045000,0.0015,1,2024-04-28 00:11:09
91072000,0.0102,1,2024-04-28 00:11:09
91035000,0.0226,0,2024-04-28 00:11:15
91032000,0.0054,0,2024-04-28 00:11:15
91030000,0.0397,0,2024-04-28 00:11:15
91029000,0.0041,0,2024-04-28 00:11:15
91028000,0.0006,0,2024-04-28 00:11:15
91039000,0.1199,1,2024-04-28 00:11:15
91040000,0.142,1,2024-04-28 00:11:15
91042000,0.0013,1,2024-04-28 00:11:15
91045000,0.0015,1,2024-04-28 00:11:15
91072000,0.0102,1,2024-04-28 00:11:15
91030000,0.0287,0,2024-04-28 00:11:20
91029000,0.0041,0,2024-04-28 00:11:20
91028000,0.0006,0,2024-04-28 00:11:20
91020000,0.0002,0,2024-04-28 00:11:20
91018000,0.0,0,2024-04-28 00:11:20
91038000,0.002,1,2024-04-28 00:11:20
91039000,0.1191,1,2024-04-28 00:11:20
91040000,0.142,1,2024-04-28 00:11:20
91042000,0.0013,1,2024-04-28 00:11:20
91045000,0.0015,1,2024-04-28 00:11:20
91030000,0.0257,0,2024-04-28 00:11:25
91029000,0.0041,0,2024-04-28 00:11:25
91028000,0.0006,0,2024-04-28 00:11:25
91020000,0.0002,0,2024-04-28 00:11:25
91018000,0.0,0,2024-04-28 00:11:25
91037000,0.0022,1,2024-04-28 00:11:25
91039000,0.1191,1,2024-04-28 00:11:25
91040000,0.142,1,2024-04-28 00:11:25
91042000,0.0013,1,2024-04-28 00:11:25
91045000,0.0015,1,2024-04-28 00:11:25
91030000,0.01,0,2024-04-28 00:11:30
91029000,0.0041,0,2024-04-28 00:11:30
91028000,0.0006,0,2024-04-28 00:11:30
91020000,0.0002,0,2024-04-28 00:11:30
91018000,0.0,0,2024-04-28 00:11:30
91036000,0.0022,1,2024-04-28 00:11:30
91038000,0.142,1,2024-04-28 00:11:30
91039000,0.0106,1,2024-04-28 00:11:30
91042000,0.0013,1,2024-04-28 00:11:30
91045000,0.0015,1,2024-04-28 00:11:30
91030000,0.0082,0,2024-04-28 00:11:35
91029000,0.0041,0,2024-04-28 00:11:35
91028000,0.0006,0,2024-04-28 00:11:35
91020000,0.0002,0,2024-04-28 00:11:35
91018000,0.0,0,2024-04-28 00:11:35
91035000,0.0002,1,2024-04-28 00:11:35
91039000,0.0106,1,2024-04-28 00:11:35
91042000,0.0013,1,2024-04-28 00:11:35
91045000,0.0015,1,2024-04-28 00:11:35
91072000,0.0102,1,2024-04-28 00:11:35
91036000,0.0002,0,2024-04-28 00:11:40
91030000,0.0047,0,2024-04-28 00:11:40
91029000,0.0041,0,2024-04-28 00:11:40
91028000,0.0006,0,2024-04-28 00:11:40
91020000,0.0002,0,2024-04-28 00:11:40
91039000,0.0106,1,2024-04-28 00:11:40
91042000,0.0013,1,2024-04-28 00:11:40
91045000,0.0015,1,2024-04-28 00:11:40
91072000,0.0102,1,2024-04-28 00:11:40
91073000,0.0002,1,2024-04-28 00:11:40
91029000,0.0003,0,2024-04-28 00:11:45
91028000,0.0006,0,2024-04-28 00:11:45
91020000,0.0002,0,2024-04-28 00:11:45
91018000,0.0,0,2024-04-28 00:11:45
91015000,0.3282,0,2024-04-28 00:11:45
91037000,0.002,1,2024-04-28 00:11:45
91038000,0.0002,1,2024-04-28 00:11:45
91039000,0.0132,1,2024-04-28 00:11:45
91042000,0.0013,1,2024-04-28 00:11:45
91045000,0.0015,1,2024-04-28 00:11:45
91015000,0.3232,0,2024-04-28 00:11:50
91006000,0.0,0,2024-04-28 00:11:50
91000000,0.0023,0,2024-04-28 00:11:50
90998000,0.0001,0,2024-04-28 00:11:50
90976000,0.0356,0,2024-04-28 00:11:50
91036000,0.0023,1,2024-04-28 00:11:50
91039000,0.0132,1,2024-04-28 00:11:50
91042000,0.0013,1,2024-04-28 00:11:50
91045000,0.0015,1,2024-04-28 00:11:50
91072000,0.0102,1,2024-04-28 00:11:50
91016000,0.0785,0,2024-04-28 00:11:55
91015000,0.313,0,2024-04-28 00:11:55
91006000,0.0,0,2024-04-28 00:11:55
91000000,0.0023,0,2024-04-28 00:11:55
90998000,0.0001,0,2024-04-28 00:11:55
91035000,0.0003,1,2024-04-28 00:11:55
91039000,0.0026,1,2024-04-28 00:11:55
91042000,0.0013,1,2024-04-28 00:11:55
91045000,0.0015,1,2024-04-28 00:11:55
91072000,0.0102,1,2024-04-28 00:11:55
91015000,0.3088,0,2024-04-28 00:12:00
91006000,0.0,0,2024-04-28 00:12:00
91000000,0.0023,0,2024-04-28 00:12:00
90998000,0.0001,0,2024-04-28 00:12:00
90985000,0.0689,0,2024-04-28 00:12:00
91034000,0.0153,1,2024-04-28 00:12:00
91039000,0.0026,1,2024-04-28 00:12:00
91042000,0.0013,1,2024-04-28 00:12:00
91045000,0.0015,1,2024-04-28 00:12:00
91072000,0.0102,1,2024-04-28 00:12:00
91015000,0.0665,0,2024-04-28 00:12:05
91006000,0.0,0,2024-04-28 00:12:05
91000000,0.0034,0,2024-04-28 00:12:05
90998000,0.0001,0,2024-04-28 00:12:05
90983000,0.0757,0,2024-04-28 00:12:05
91033000,0.0003,1,2024-04-28 00:12:05
91034000,0.015,1,2024-04-28 00:12:05
91039000,0.0026,1,2024-04-28 00:12:05
91042000,0.0013,1,2024-04-28 00:12:05
91045000,0.0015,1,2024-04-28 00:12:05
91020000,0.1275,0,2024-04-28 00:12:10
91018000,0.001,0,2024-04-28 00:12:10
91011000,0.0429,0,2024-04-28 00:12:10
91006000,0.0365,0,2024-04-28 00:12:10
91005000,0.0332,0,2024-04-28 00:12:10
91097000,0.2421,1,2024-04-28 00:12:10
91105000,0.02,1,2024-04-28 00:12:10
91113000,0.328,1,2024-04-28 00:12:10
91120000,0.0005,1,2024-04-28 00:12:10
91125000,0.0647,1,2024-04-28 00:12:10
91037000,0.0577,0,2024-04-28 00:12:15
91036000,0.3282,0,2024-04-28 00:12:15
91019000,0.0681,0,2024-04-28 00:12:15
91018000,0.3301,0,2024-04-28 00:12:15
91017000,0.2087,0,2024-04-28 00:12:15
91091000,0.002,1,2024-04-28 00:12:15
91092000,0.0004,1,2024-04-28 00:12:15
91097000,0.1002,1,2024-04-28 00:12:15
91105000,0.02,1,2024-04-28 00:12:15
91120000,0.0005,1,2024-04-28 00:12:15
91037000,0.0198,0,2024-04-28 00:12:20
91036000,0.327,0,2024-04-28 00:12:20
91019000,0.0681,0,2024-04-28 00:12:20
91018000,0.33,0,2024-04-28 00:12:20
91017000,0.2087,0,2024-04-28 00:12:20
91090000,0.0021,1,2024-04-28 00:12:20
91091000,0.142,1,2024-04-28 00:12:20
91092000,0.0004,1,2024-04-28 00:12:20
91097000,0.1002,1,2024-04-28 00:12:20
91105000,0.02,1,2024-04-28 00:12:20
91038000,0.0125,0,2024-04-28 00:12:25
91036000,0.3255,0,2024-04-28 00:12:25
91022000,0.0005,0,2024-04-28 00:12:25
91019000,0.0679,0,2024-04-28 00:12:25
91018000,1.0687,0,2024-04-28 00:12:25
91089000,0.0002,1,2024-04-28 00:12:25
91090000,0.142,1,2024-04-28 00:12:25
91091000,0.142,1,2024-04-28 00:12:25
91097000,0.1002,1,2024-04-28 00:12:25
91105000,0.02,1,2024-04-28 00:12:25
91036000,0.3227,0,2024-04-28 00:12:31
91029000,0.1968,0,2024-04-28 00:12:31
91028000,0.3099,0,2024-04-28 00:12:31
91027000,0.0904,0,2024-04-28 00:12:31
91026000,0.0707,0,2024-04-28 00:12:31
91088000,0.0002,1,2024-04-28 00:12:31
91089000,0.142,1,2024-04-28 00:12:31
91090000,0.142,1,2024-04-28 00:12:31
91097000,0.1002,1,2024-04-28 00:12:31
91102000,0.0004,1,2024-04-28 00:12:31
91057000,0.2939,0,2024-04-28 00:12:36
91052000,0.328,0,2024-04-28 00:12:36
91036000,0.0002,0,2024-04-28 00:12:36
91029000,0.1968,0,2024-04-28 00:12:36
91028000,0.3099,0,2024-04-28 00:12:36
91089000,0.144,1,2024-04-28 00:12:36
91097000,0.1002,1,2024-04-28 00:12:36
91102000,0.0004,1,2024-04-28 00:12:36
91105000,0.02,1,2024-04-28 00:12:36
91120000,0.0005,1,2024-04-28 00:12:36
91057000,0.2888,0,2024-04-28 00:12:41
91052000,0.328,0,2024-04-28 00:12:41
91036000,0.0002,0,2024-04-28 00:12:41
91029000,0.1968,0,2024-04-28 00:12:41
91028000,0.3099,0,2024-04-28 00:12:41
91088000,0.002,1,2024-04-28 00:12:41
91089000,0.1422,1,2024-04-28 00:12:41
91097000,0.1002,1,2024-04-28 00:12:41
91102000,0.0004,1,2024-04-28 00:12:41
91105000,0.02,1,2024-04-28 00:12:41
91059000,0.0086,0,2024-04-28 00:12:46
91057000,0.2887,0,2024-04-28 00:12:46
91052000,0.328,0,2024-04-28 00:12:46
91036000,0.0002,0,2024-04-28 00:12:46
91019000,0.1021,0,2024-04-28 00:12:46
91088000,0.0002,1,2024-04-28 00:12:46
91089000,0.1091,1,2024-04-28 00:12:46
91092000,0.0004,1,2024-04-28 00:12:46
91097000,0.1002,1,2024-04-28 00:12:46
91105000,0.02,1,2024-04-28 00:12:46
91059000,0.008,0,2024-04-28 00:12:51
91057000,0.2887,0,2024-04-28 00:12:51
91052000,0.328,0,2024-04-28 00:12:51
91036000,0.0002,0,2024-04-28 00:12:51
91019000,0.1021,0,2024-04-28 00:12:51
91088000,0.1422,1,2024-04-28 00:12:51
91089000,0.1091,1,2024-04-28 00:12:51
91092000,0.0004,1,2024-04-28 00:12:51
91097000,0.1002,1,2024-04-28 00:12:51
91105000,0.02,1,2024-04-28 00:12:51
91060000,0.0012,0,2024-04-28 00:12:56
91059000,0.008,0,2024-04-28 00:12:56
91057000,0.2887,0,2024-04-28 00:12:56
91052000,0.328,0,2024-04-28 00:12:56
91036000,0.0002,0,2024-04-28 00:12:56
91088000,0.0702,1,2024-04-28 00:12:56
91089000,0.1091,1,2024-04-28 00:12:56
91092000,0.0004,1,2024-04-28 00:12:56
91097000,0.1002,1,2024-04-28 00:12:56
91105000,0.02,1,2024-04-28 00:12:56
91061000,0.0011,0,2024-04-28 00:13:01
91060000,0.001,0,2024-04-28 00:13:01
91059000,0.008,0,2024-04-28 00:13:01
91057000,0.2887,0,2024-04-28 00:13:01
91052000,0.328,0,2024-04-28 00:13:01
91088000,0.0702,1,2024-04-28 00:13:01
91089000,0.1091,1,2024-04-28 00:13:01
91092000,0.0004,1,2024-04-28 00:13:01
91097000,0.1002,1,2024-04-28 00:13:01
91105000,0.02,1,2024-04-28 00:13:01
91062000,0.001,0,2024-04-28 00:13:06
91061000,0.0001,0,2024-04-28 00:13:06
91060000,0.001,0,2024-04-28 00:13:06
91059000,0.008,0,2024-04-28 00:13:06
91057000,0.2887,0,2024-04-28 00:13:06
91088000,0.0701,1,2024-04-28 00:13:06
91089000,0.1091,1,2024-04-28 00:13:06
91095000,0.0004,1,2024-04-28 00:13:06
91097000,0.1002,1,2024-04-28 00:13:06
91105000,0.02,1,2024-04-28 00:13:06
91063000,0.001,0,2024-04-28 00:13:11
91062000,0.0001,0,2024-04-28 00:13:11
91060000,0.001,0,2024-04-28 00:13:11
91059000,0.008,0,2024-04-28 00:13:11
91058000,0.0209,0,2024-04-28 00:13:11
91088000,0.0701,1,2024-04-28 00:13:11
91089000,0.1091,1,2024-04-28 00:13:11
91097000,0.1002,1,2024-04-28 00:13:11
91098000,0.0004,1,2024-04-28 00:13:11
91105000,0.02,1,2024-04-28 00:13:11
91063000,0.0002,0,2024-04-28 00:13:16
91060000,0.001,0,2024-04-28 00:13:16
91059000,0.008,0,2024-04-28 00:13:16
91058000,0.0199,0,2024-04-28 00:13:16
91057000,0.2887,0,2024-04-28 00:13:16
91088000,0.0701,1,2024-04-28 00:13:16
91089000,0.1091,1,2024-04-28 00:13:16
91097000,0.1002,1,2024-04-28 00:13:16
91105000,0.02,1,2024-04-28 00:13:16
91120000,0.0205,1,2024-04-28 00:13:16
91064000,0.0002,0,2024-04-28 00:13:21
91060000,0.001,0,2024-04-28 00:13:21
91059000,0.008,0,2024-04-28 00:13:21
91057000,0.2887,0,2024-04-28 00:13:21
91053000,0.1552,0,2024-04-28 00:13:21
91087000,0.5495,1,2024-04-28 00:13:21
91088000,0.0701,1,2024-04-28 00:13:21
91089000,0.1091,1,2024-04-28 00:13:21
91097000,0.1002,1,2024-04-28 00:13:21
91105000,0.02,1,2024-04-28 00:13:21
91065000,0.0001,0,2024-04-28 00:13:26
91060000,0.001,0,2024-04-28 00:13:26
91059000,0.008,0,2024-04-28 00:13:26
91058000,0.1261,0,2024-04-28 00:13:26
91057000,0.2887,0,2024-04-28 00:13:26
91087000,0.5485,1,2024-04-28 00:13:26
91088000,0.0701,1,2024-04-28 00:13:26
91089000,0.1091,1,2024-04-28 00:13:26
91097000,0.1002,1,2024-04-28 00:13:26
91105000,0.02,1,2024-04-28 00:13:26
91057000,0.2873,0,2024-04-28 00:13:31
91048000,0.0837,0,2024-04-28 00:13:31
91047000,0.0715,0,2024-04-28 00:13:31
91046000,0.1658,0,2024-04-28 00:13:31
91045000,0.0657,0,2024-04-28 00:13:31
91086000,0.0021,1,2024-04-28 00:13:31
91087000,0.5485,1,2024-04-28 00:13:31
91088000,0.0701,1,2024-04-28 00:13:31
91097000,0.1002,1,2024-04-28 00:13:31
91105000,0.02,1,2024-04-28 00:13:31
91058000,0.1231,0,2024-04-28 00:13:36
91057000,0.286,0,2024-04-28 00:13:36
91048000,0.0837,0,2024-04-28 00:13:36
91047000,0.0715,0,2024-04-28 00:13:36
91046000,0.1658,0,2024-04-28 00:13:36
91085000,0.0021,1,2024-04-28 00:13:36
91086000,0.0012,1,2024-04-28 00:13:36
91087000,0.5485,1,2024-04-28 00:13:36
91097000,0.1002,1,2024-04-28 00:13:36
91105000,0.02,1,2024-04-28 00:13:36
91057000,0.2906,0,2024-04-28 00:13:42
91048000,0.0837,0,2024-04-28 00:13:42
91047000,0.0715,0,2024-04-28 00:13:42
91046000,0.1658,0,2024-04-28 00:13:42
91045000,0.0657,0,2024-04-28 00:13:42
91084000,0.0001,1,2024-04-28 00:13:42
91086000,0.0012,1,2024-04-28 00:13:42
91087000,0.5485,1,2024-04-28 00:13:42
91097000,0.1002,1,2024-04-28 00:13:42
91105000,0.02,1,2024-04-28 00:13:42
91057000,0.0063,0,2024-04-28 00:13:47
91049000,0.1273,0,2024-04-28 00:13:47
91048000,0.0837,0,2024-04-28 00:13:47
91047000,0.0715,0,2024-04-28 00:13:47
91046000,0.1658,0,2024-04-28 00:13:47
91083000,0.0001,1,2024-04-28 00:13:47
91086000,0.0012,1,2024-04-28 00:13:47
91087000,0.5485,1,2024-04-28 00:13:47
91097000,0.1002,1,2024-04-28 00:13:47
91105000,0.02,1,2024-04-28 00:13:47
91057000,0.0063,0,2024-04-28 00:13:52
91043000,0.0032,0,2024-04-28 00:13:52
91033000,0.1275,0,2024-04-28 00:13:52
91030000,0.0076,0,2024-04-28 00:13:52
91028000,0.0852,0,2024-04-28 00:13:52
91081000,0.002,1,2024-04-28 00:13:52
91082000,0.0001,1,2024-04-28 00:13:52
91086000,0.0012,1,2024-04-28 00:13:52
91087000,0.5485,1,2024-04-28 00:13:52
91097000,0.1002,1,2024-04-28 00:13:52
91057000,0.0043,0,2024-04-28 00:13:57
91043000,0.0032,0,2024-04-28 00:13:57
91030000,0.0076,0,2024-04-28 00:13:57
91029000,0.1273,0,2024-04-28 00:13:57
91028000,0.1095,0,2024-04-28 00:13:57
91080000,0.002,1,2024-04-28 00:13:57
91086000,0.0012,1,2024-04-28 00:13:57
91087000,0.5487,1,2024-04-28 00:13:57
91097000,0.1002,1,2024-04-28 00:13:57
91099000,0.0004,1,2024-04-28 00:13:57
91043000,0.0021,0,2024-04-28 00:14:02
91030000,0.0076,0,2024-04-28 00:14:02
91022000,0.0002,0,2024-04-28 00:14:02
91021000,0.1275,0,2024-04-28 00:14:02
91020000,0.0331,0,2024-04-28 00:14:02
91079000,0.0021,1,2024-04-28 00:14:02
91086000,0.0012,1,2024-04-28 00:14:02
91087000,0.5487,1,2024-04-28 00:14:02
91093000,0.0004,1,2024-04-28 00:14:02
91097000,0.1002,1,2024-04-28 00:14:02
91043000,0.0027,0,2024-04-28 00:14:07
91030000,0.0076,0,2024-04-28 00:14:07
91022000,0.0002,0,2024-04-28 00:14:07
91001000,0.006,0,2024-04-28 00:14:07
91000000,0.0035,0,2024-04-28 00:14:07
91078000,0.0021,1,2024-04-28 00:14:07
91086000,0.0385,1,2024-04-28 00:14:07
91087000,0.5487,1,2024-04-28 00:14:07
91097000,0.1002,1,2024-04-28 00:14:07
91105000,0.02,1,2024-04-28 00:14:07
91043000,0.0007,0,2024-04-28 00:14:12
91030000,0.0076,0,2024-04-28 00:14:12
91022000,0.0003,0,2024-04-28 00:14:12
91001000,0.006,0,2024-04-28 00:14:12
91000000,0.1308,0,2024-04-28 00:14:12
91075000,0.1441,1,2024-04-28 00:14:12
91076000,0.142,1,2024-04-28 00:14:12
91077000,0.0076,1,2024-04-28 00:14:12
91086000,0.0012,1,2024-04-28 00:14:12
91087000,0.5487,1,2024-04-28 00:14:12
91043000,0.0007,0,2024-04-28 00:14:17
91036000,0.0043,0,2024-04-28 00:14:17
91030000,0.0076,0,2024-04-28 00:14:17
91022000,0.0003,0,2024-04-28 00:14:17
91001000,0.006,0,2024-04-28 00:14:17
91074000,0.1421,1,2024-04-28 00:14:17
91075000,0.142,1,2024-04-28 00:14:17
91076000,0.142,1,2024-04-28 00:14:17
91077000,0.0076,1,2024-04-28 00:14:17
91086000,0.0012,1,2024-04-28 00:14:17
91043000,0.0008,0,2024-04-28 00:14:22
91036000,0.0043,0,2024-04-28 00:14:22
91032000,0.1096,0,2024-04-28 00:14:22
91030000,0.0076,0,2024-04-28 00:14:22
91022000,0.0003,0,2024-04-28 00:14:22
91073000,0.142,1,2024-04-28 00:14:22
91074000,0.0976,1,2024-04-28 00:14:22
91075000,0.142,1,2024-04-28 00:14:22
91077000,0.0076,1,2024-04-28 00:14:22
91086000,0.0012,1,2024-04-28 00:14:22
91043000,0.0008,0,2024-04-28 00:14:27
91036000,0.0043,0,2024-04-28 00:14:27
91030000,0.0076,0,2024-04-28 00:14:27
91022000,0.0003,0,2024-04-28 00:14:27
91001000,0.006,0,2024-04-28 00:14:27
91072000,0.142,1,2024-04-28 00:14:27
91073000,0.142,1,2024-04-28 00:14:27
91074000,0.0976,1,2024-04-28 00:14:27
91077000,0.0076,1,2024-04-28 00:14:27
91086000,0.0012,1,2024-04-28 00:14:27
91051000,0.0002,0,2024-04-28 00:14:32
91045000,0.001,0,2024-04-28 00:14:32
91044000,0.0011,0,2024-04-28 00:14:32
91043000,0.0007,0,2024-04-28 00:14:32
91036000,0.0043,0,2024-04-28 00:14:32
91072000,0.141,1,2024-04-28 00:14:32
91073000,0.142,1,2024-04-28 00:14:32
91074000,0.0976,1,2024-04-28 00:14:32
91077000,0.0076,1,2024-04-28 00:14:32
91086000,0.0012,1,2024-04-28 00:14:32
91053000,0.001,0,2024-04-28 00:14:37
91052000,0.001,0,2024-04-28 00:14:37
91051000,0.0004,0,2024-04-28 00:14:37
91043000,0.0007,0,2024-04-28 00:14:37
91036000,0.0043,0,2024-04-28 00:14:37
91071000,0.142,1,2024-04-28 00:14:37
91072000,0.141,1,2024-04-28 00:14:37
91073000,0.142,1,2024-04-28 00:14:37
91077000,0.0076,1,2024-04-28 00:14:37
91086000,0.0012,1,2024-04-28 00:14:37
91052000,0.001,0,2024-04-28 00:14:43
91051000,0.0004,0,2024-04-28 00:14:43
91043000,0.0007,0,2024-04-28 00:14:43
91036000,0.0043,0,2024-04-28 00:14:43
91030000,0.0076,0,2024-04-28 00:14:43
91071000,0.142,1,2024-04-28 00:14:43
91072000,0.141,1,2024-04-28 00:14:43
91073000,0.142,1,2024-04-28 00:14:43
91077000,0.0076,1,2024-04-28 00:14:43
91086000,0.0012,1,2024-04-28 00:14:43
91053000,0.001,0,2024-04-28 00:14:48
91052000,0.0011,0,2024-04-28 00:14:48
91051000,0.0002,0,2024-04-28 00:14:48
91043000,0.0007,0,2024-04-28 00:14:48
91036000,0.0043,0,2024-04-28 00:14:48
91071000,0.142,1,2024-04-28 00:14:48
91072000,0.141,1,2024-04-28 00:14:48
91073000,0.142,1,2024-04-28 00:14:48
91077000,0.0076,1,2024-04-28 00:14:48
91086000,0.0012,1,2024-04-28 00:14:48
91044000,0.001,0,2024-04-28 00:14:53
91043000,0.0007,0,2024-04-28 00:14:53
91036000,0.0043,0,2024-04-28 00:14:53
91030000,0.0076,0,2024-04-28 00:14:53
91022000,0.0003,0,2024-04-28 00:14:53
91050000,0.0063,1,2024-04-28 00:14:53
91051000,0.0007,1,2024-04-28 00:14:53
91071000,0.345,1,2024-04-28 00:14:53
91072000,0.141,1,2024-04-28 00:14:53
91086000,0.0012,1,2024-04-28 00:14:53
91043000,0.0007,0,2024-04-28 00:14:58
91036000,0.0043,0,2024-04-28 00:14:58
91030000,0.0076,0,2024-04-28 00:14:58
91022000,0.0003,0,2024-04-28 00:14:58
91001000,0.006,0,2024-04-28 00:14:58
91050000,0.3514,1,2024-04-28 00:14:58
91086000,0.0012,1,2024-04-28 00:14:58
91087000,0.5487,1,2024-04-28 00:14:58
91097000,0.1002,1,2024-04-28 00:14:58
91105000,0.02,1,2024-04-28 00:14:58
91045000,0.001,0,2024-04-28 00:15:03
91044000,0.001,0,2024-04-28 00:15:03
91043000,0.0007,0,2024-04-28 00:15:03
91036000,0.0043,0,2024-04-28 00:15:03
91030000,0.0076,0,2024-04-28 00:15:03
91050000,0.3514,1,2024-04-28 00:15:03
91051000,0.142,1,2024-04-28 00:15:03
91086000,0.0012,1,2024-04-28 00:15:03
91087000,0.0002,1,2024-04-28 00:15:03
91097000,0.1002,1,2024-04-28 00:15:03
91045000,0.001,0,2024-04-28 00:15:08
91044000,0.001,0,2024-04-28 00:15:08
91043000,0.0007,0,2024-04-28 00:15:08
91036000,0.0043,0,2024-04-28 00:15:08
91030000,0.0076,0,2024-04-28 00:15:08
91050000,0.3514,1,2024-04-28 00:15:08
91051000,0.142,1,2024-04-28 00:15:08
91086000,0.0012,1,2024-04-28 00:15:08
91087000,0.0002,1,2024-04-28 00:15:08
91097000,0.1002,1,2024-04-28 00:15:08
91044000,0.0003,0,2024-04-28 00:15:13
91043000,0.0007,0,2024-04-28 00:15:13
91036000,0.0043,0,2024-04-28 00:15:13
91030000,0.0077,0,2024-04-28 00:15:13
91022000,0.0003,0,2024-04-28 00:15:13
91049000,0.0162,1,2024-04-28 00:15:13
91050000,0.3513,1,2024-04-28 00:15:13
91051000,0.142,1,2024-04-28 00:15:13
91086000,0.0012,1,2024-04-28 00:15:13
91087000,0.0002,1,2024-04-28 00:15:13
91043000,0.0007,0,2024-04-28 00:15:18
91036000,0.0043,0,2024-04-28 00:15:18
91030000,0.0077,0,2024-04-28 00:15:18
91022000,0.0003,0,2024-04-28 00:15:18
91001000,0.006,0,2024-04-28 00:15:18
91044000,0.3308,1,2024-04-28 00:15:18
91045000,0.142,1,2024-04-28 00:15:18
91050000,0.0063,1,2024-04-28 00:15:18
91086000,0.0012,1,2024-04-28 00:15:18
91087000,0.0002,1,2024-04-28 00:15:18
91036000,0.0004,0,2024-04-28 00:15:23
91030000,0.0077,0,2024-04-28 00:15:23
91022000,0.0003,0,2024-04-28 00:15:23
91001000,0.006,0,2024-04-28 00:15:23
91000000,0.0258,0,2024-04-28 00:15:23
91043000,0.0001,1,2024-04-28 00:15:23
91044000,0.2995,1,2024-04-28 00:15:23
91045000,0.142,1,2024-04-28 00:15:23
91050000,0.0063,1,2024-04-28 00:15:23
91086000,0.0012,1,2024-04-28 00:15:23
91000000,0.0234,0,2024-04-28 00:15:28
90999000,0.004,0,2024-04-28 00:15:28
90998000,0.0024,0,2024-04-28 00:15:28
90980000,0.001,0,2024-04-28 00:15:28
90974000,0.0005,0,2024-04-28 00:15:28
91040000,0.002,1,2024-04-28 00:15:28
91041000,0.203,1,2024-04-28 00:15:28
91044000,0.328,1,2024-04-28 00:15:28
91050000,0.0063,1,2024-04-28 00:15:28
91058000,0.0002,1,2024-04-28 00:15:28
90999000,0.003,0,2024-04-28 00:15:33
90998000,0.0024,0,2024-04-28 00:15:33
90980000,0.001,0,2024-04-28 00:15:33
90974000,0.0005,0,2024-04-28 00:15:33
90970000,0.0002,0,2024-04-28 00:15:33
91039000,0.2051,1,2024-04-28 00:15:33
91040000,0.142,1,2024-04-28 00:15:33
91041000,0.142,1,2024-04-28 00:15:33
91044000,0.328,1,2024-04-28 00:15:33
91050000,0.0063,1,2024-04-28 00:15:33
90999000,0.0006,0,2024-04-28 00:15:38
90998000,0.0024,0,2024-04-28 00:15:38
90980000,0.001,0,2024-04-28 00:15:38
90974000,0.0005,0,2024-04-28 00:15:38
90970000,0.0002,0,2024-04-28 00:15:38
91038000,0.205,1,2024-04-28 00:15:38
91039000,0.142,1,2024-04-28 00:15:38
91040000,0.142,1,2024-04-28 00:15:38
91041000,0.0065,1,2024-04-28 00:15:38
91050000,0.0063,1,2024-04-28 00:15:38
90999000,0.0006,0,2024-04-28 00:15:43
90998000,0.0024,0,2024-04-28 00:15:43
90980000,0.001,0,2024-04-28 00:15:43
90974000,0.0005,0,2024-04-28 00:15:43
90970000,0.0002,0,2024-04-28 00:15:43
91036000,0.0148,1,2024-04-28 00:15:43
91037000,0.345,1,2024-04-28 00:15:43
91038000,0.142,1,2024-04-28 00:15:43
91039000,0.142,1,2024-04-28 00:15:43
91041000,0.0065,1,2024-04-28 00:15:43
90999000,0.0006,0,2024-04-28 00:15:48
90998000,0.0024,0,2024-04-28 00:15:48
90980000,0.001,0,2024-04-28 00:15:48
90974000,0.0005,0,2024-04-28 00:15:48
90970000,0.0002,0,2024-04-28 00:15:48
91035000,0.203,1,2024-04-28 00:15:48
91036000,0.142,1,2024-04-28 00:15:48
91037000,0.142,1,2024-04-28 00:15:48
91041000,0.0065,1,2024-04-28 00:15:48
91050000,0.0063,1,2024-04-28 00:15:48
90974000,0.0002,0,2024-04-28 00:15:54
90970000,0.0002,0,2024-04-28 00:15:54
90963000,0.0012,0,2024-04-28 00:15:54
90962000,0.0041,0,2024-04-28 00:15:54
90950000,0.0027,0,2024-04-28 00:15:54
91032000,0.0149,1,2024-04-28 00:15:54
91033000,0.142,1,2024-04-28 00:15:54
91034000,0.203,1,2024-04-28 00:15:54
91035000,0.142,1,2024-04-28 00:15:54
91041000,0.0065,1,2024-04-28 00:15:54
90974000,0.0002,0,2024-04-28 00:15:59
90970000,0.0002,0,2024-04-28 00:15:59
90963000,0.0012,0,2024-04-28 00:15:59
90950000,0.0027,0,2024-04-28 00:15:59
90946000,0.1258,0,2024-04-28 00:15:59
91031000,0.2093,1,2024-04-28 00:15:59
91033000,0.142,1,2024-04-28 00:15:59
91041000,0.0065,1,2024-04-28 00:15:59
91058000,0.0002,1,2024-04-28 00:15:59
91086000,0.3292,1,2024-04-28 00:15:59
90976000,0.001,0,2024-04-28 00:16:04
90975000,0.001,0,2024-04-28 00:16:04
90974000,0.0002,0,2024-04-28 00:16:04
90970000,0.0002,0,2024-04-28 00:16:04
90963000,0.0012,0,2024-04-28 00:16:04
91031000,0.2104,1,2024-04-28 00:16:04
91033000,0.142,1,2024-04-28 00:16:04
91041000,0.0065,1,2024-04-28 00:16:04
91058000,0.0002,1,2024-04-28 00:16:04
91086000,0.3292,1,2024-04-28 00:16:04
90976000,0.001,0,2024-04-28 00:16:09
90975000,0.001,0,2024-04-28 00:16:09
90974000,0.0002,0,2024-04-28 00:16:09
90970000,0.0002,0,2024-04-28 00:16:09
90969000,0.3282,0,2024-04-28 00:16:09
91031000,0.2104,1,2024-04-28 00:16:09
91033000,0.142,1,2024-04-28 00:16:09
91034000,0.1097,1,2024-04-28 00:16:09
91041000,0.0065,1,2024-04-28 00:16:09
91043000,0.328,1,2024-04-28 00:16:09
90975000,0.001,0,2024-04-28 00:16:14
90974000,0.0002,0,2024-04-28 00:16:14
90970000,0.0002,0,2024-04-28 00:16:14
90969000,0.3282,0,2024-04-28 00:16:14
90963000,0.0012,0,2024-04-28 00:16:14
91031000,0.2104,1,2024-04-28 00:16:14
91033000,0.142,1,2024-04-28 00:16:14
91034000,0.1097,1,2024-04-28 00:16:14
91041000,0.0065,1,2024-04-28 00:16:14
91043000,0.328,1,2024-04-28 00:16:14
90971000,0.1254,0,2024-04-28 00:16:19
90970000,0.9,0,2024-04-28 00:16:19
90969000,0.0002,0,2024-04-28 00:16:19
90963000,0.001,0,2024-04-28 00:16:19
90950000,0.0027,0,2024-04-28 00:16:19
91030000,0.0021,1,2024-04-28 00:16:19
91031000,0.2101,1,2024-04-28 00:16:19
91033000,0.142,1,2024-04-28 00:16:19
91041000,0.0065,1,2024-04-28 00:16:19
91058000,0.0002,1,2024-04-28 00:16:19
90970000,0.8745,0,2024-04-28 00:16:24
90969000,0.0002,0,2024-04-28 00:16:24
90963000,0.001,0,2024-04-28 00:16:24
90950000,0.0027,0,2024-04-28 00:16:24
90945000,1.8521,0,2024-04-28 00:16:24
91029000,0.002,1,2024-04-28 00:16:24
91030000,0.2011,1,2024-04-28 00:16:24
91031000,0.0071,1,2024-04-28 00:16:24
91041000,0.0065,1,2024-04-28 00:16:24
91052000,0.0312,1,2024-04-28 00:16:24
90983000,0.3092,0,2024-04-28 00:16:29
90970000,2.0559,0,2024-04-28 00:16:29
90963000,0.001,0,2024-04-28 00:16:29
90950000,0.0027,0,2024-04-28 00:16:29
90945000,1.8521,0,2024-04-28 00:16:29
91028000,0.2031,1,2024-04-28 00:16:29
91031000,0.0071,1,2024-04-28 00:16:29
91041000,0.0065,1,2024-04-28 00:16:29
91058000,0.0311,1,2024-04-28 00:16:29
91059000,0.1097,1,2024-04-28 00:16:29
90983000,0.2938,0,2024-04-28 00:16:34
90970000,2.0559,0,2024-04-28 00:16:34
90963000,0.001,0,2024-04-28 00:16:34
90950000,0.0027,0,2024-04-28 00:16:34
90945000,1.853,0,2024-04-28 00:16:34
91027000,0.202,1,2024-04-28 00:16:34
91030000,0.0122,1,2024-04-28 00:16:34
91031000,0.0071,1,2024-04-28 00:16:34
91041000,0.0065,1,2024-04-28 00:16:34
91058000,0.0311,1,2024-04-28 00:16:34
90984000,0.0501,0,2024-04-28 00:16:39
90983000,0.2916,0,2024-04-28 00:16:39
90970000,2.0559,0,2024-04-28 00:16:39
90963000,0.001,0,2024-04-28 00:16:39
90950000,0.0052,0,2024-04-28 00:16:39
91027000,0.2,1,2024-04-28 00:16:39
91030000,0.0122,1,2024-04-28 00:16:39
91031000,0.0071,1,2024-04-28 00:16:39
91041000,0.0065,1,2024-04-28 00:16:39
91056000,0.1097,1,2024-04-28 00:16:39
90984000,0.0388,0,2024-04-28 00:16:44
90983000,0.2916,0,2024-04-28 00:16:44
90970000,0.8743,0,2024-04-28 00:16:44
90963000,0.001,0,2024-04-28 00:16:44
90950000,0.0052,0,2024-04-28 00:16:44
91026000,0.2021,1,2024-04-28 00:16:44
91029000,0.021,1,2024-04-28 00:16:44
91030000,0.0122,1,2024-04-28 00:16:44
91031000,0.0071,1,2024-04-28 00:16:44
91041000,0.0065,1,2024-04-28 00:16:44
90984000,0.0301,0,2024-04-28 00:16:49
90983000,0.2916,0,2024-04-28 00:16:49
90970000,0.8743,0,2024-04-28 00:16:49
90963000,0.001,0,2024-04-28 00:16:49
90950000,0.0052,0,2024-04-28 00:16:49
91025000,0.1997,1,2024-04-28 00:16:49
91029000,0.021,1,2024-04-28 00:16:49
91030000,0.0122,1,2024-04-28 00:16:49
91031000,0.0071,1,2024-04-28 00:16:49
91041000,0.0065,1,2024-04-28 00:16:49
90984000,0.018,0,2024-04-28 00:16:54
90983000,0.2916,0,2024-04-28 00:16:54
90970000,0.8743,0,2024-04-28 00:16:54
90963000,0.001,0,2024-04-28 00:16:54
90950000,0.0052,0,2024-04-28 00:16:54
91024000,0.1997,1,2024-04-28 00:16:54
91029000,0.021,1,2024-04-28 00:16:54
91030000,0.0122,1,2024-04-28 00:16:54
91031000,0.0071,1,2024-04-28 00:16:54
91041000,0.0065,1,2024-04-28 00:16:54
90984000,0.0071,0,2024-04-28 00:16:59
90983000,0.2916,0,2024-04-28 00:16:59
90982000,0.1097,0,2024-04-28 00:16:59
90970000,0.0002,0,2024-04-28 00:16:59
90963000,0.001,0,2024-04-28 00:16:59
91022000,0.002,1,2024-04-28 00:16:59
91023000,0.1997,1,2024-04-28 00:16:59
91029000,0.021,1,2024-04-28 00:16:59
91030000,0.0122,1,2024-04-28 00:16:59
91031000,0.0071,1,2024-04-28 00:16:59
90985000,0.0006,0,2024-04-28 00:17:05
90984000,0.1305,0,2024-04-28 00:17:05
90983000,0.2916,0,2024-04-28 00:17:05
90982000,0.1097,0,2024-04-28 00:17:05
90970000,0.0002,0,2024-04-28 00:17:05
91021000,0.003,1,2024-04-28 00:17:05
91022000,0.0001,1,2024-04-28 00:17:05
91029000,0.021,1,2024-04-28 00:17:05
91030000,0.0122,1,2024-04-28 00:17:05
91031000,0.0071,1,2024-04-28 00:17:05
90990000,0.3238,0,2024-04-28 00:17:10
90985000,0.0335,0,2024-04-28 00:17:10
90984000,0.0056,0,2024-04-28 00:17:10
90983000,0.0002,0,2024-04-28 00:17:10
90965000,0.328,0,2024-04-28 00:17:10
91020000,0.002,1,2024-04-28 00:17:10
91021000,0.046,1,2024-04-28 00:17:10
91029000,0.021,1,2024-04-28 00:17:10
91030000,0.0122,1,2024-04-28 00:17:10
91031000,0.0071,1,2024-04-28 00:17:10
90991000,0.0012,0,2024-04-28 00:17:15
90990000,0.2964,0,2024-04-28 00:17:15
90985000,0.0335,0,2024-04-28 00:17:15
90984000,0.0001,0,2024-04-28 00:17:15
90983000,0.0002,0,2024-04-28 00:17:15
91019000,0.001,1,2024-04-28 00:17:15
91029000,0.021,1,2024-04-28 00:17:15
91030000,0.0122,1,2024-04-28 00:17:15
91031000,0.0071,1,2024-04-28 00:17:15
91041000,0.0065,1,2024-04-28 00:17:15
90992000,0.001,0,2024-04-28 00:17:20
90991000,0.0002,0,2024-04-28 00:17:20
90990000,0.2964,0,2024-04-28 00:17:20
90986000,0.0009,0,2024-04-28 00:17:20
90985000,0.0335,0,2024-04-28 00:17:20
91019000,0.0399,1,2024-04-28 00:17:20
91029000,0.021,1,2024-04-28 00:17:20
91030000,0.0122,1,2024-04-28 00:17:20
91031000,0.0071,1,2024-04-28 00:17:20
91041000,0.0065,1,2024-04-28 00:17:20
90990000,0.2965,0,2024-04-28 00:17:25
90986000,0.0009,0,2024-04-28 00:17:25
90985000,0.0335,0,2024-04-28 00:17:25
90984000,0.0001,0,2024-04-28 00:17:25
90983000,0.0002,0,2024-04-28 00:17:25
91017000,0.002,1,2024-04-28 00:17:25
91018000,0.001,1,2024-04-28 00:17:25
91019000,0.0399,1,2024-04-28 00:17:25
91029000,0.021,1,2024-04-28 00:17:25
91030000,0.0122,1,2024-04-28 00:17:25
91018000,0.1519,0,2024-04-28 00:17:30
90991000,0.1248,0,2024-04-28 00:17:30
90990000,0.2964,0,2024-04-28 00:17:30
90986000,0.0009,0,2024-04-28 00:17:30
90985000,0.0335,0,2024-04-28 00:17:30
91028000,0.003,1,2024-04-28 00:17:30
91029000,0.061,1,2024-04-28 00:17:30
91030000,0.0122,1,2024-04-28 00:17:30
91031000,0.0071,1,2024-04-28 00:17:30
91041000,0.0065,1,2024-04-28 00:17:30
91020000,0.001,0,2024-04-28 00:17:35
91019000,0.0011,0,2024-04-28 00:17:35
91018000,0.1519,0,2024-04-28 00:17:35
90991000,0.1249,0,2024-04-28 00:17:35
90990000,0.3019,0,2024-04-28 00:17:35
91027000,0.002,1,2024-04-28 00:17:35
91028000,0.001,1,2024-04-28 00:17:35
91029000,0.061,1,2024-04-28 00:17:35
91030000,0.0122,1,2024-04-28 00:17:35
91031000,0.0071,1,2024-04-28 00:17:35
91020000,0.0011,0,2024-04-28 00:17:40
91019000,0.001,0,2024-04-28 00:17:40
91018000,0.1519,0,2024-04-28 00:17:40
90991000,0.1249,0,2024-04-28 00:17:40
90990000,0.3019,0,2024-04-28 00:17:40
91029000,0.0609,1,2024-04-28 00:17:40
91030000,0.0122,1,2024-04-28 00:17:40
91031000,0.001,1,2024-04-28 00:17:40
91041000,0.0065,1,2024-04-28 00:17:40
91058000,0.0002,1,2024-04-28 00:17:40
91018000,0.1455,0,2024-04-28 00:17:45
90991000,0.0002,0,2024-04-28 00:17:45
90990000,0.3019,0,2024-04-28 00:17:45
90986000,0.0009,0,2024-04-28 00:17:45
90985000,0.0335,0,2024-04-28 00:17:45
91019000,0.0981,1,2024-04-28 00:17:45
91029000,0.0209,1,2024-04-28 00:17:45
91030000,0.0122,1,2024-04-28 00:17:45
91031000,0.001,1,2024-04-28 00:17:45
91041000,0.0065,1,2024-04-28 00:17:45
91018000,0.1437,0,2024-04-28 00:17:51
90991000,0.0002,0,2024-04-28 00:17:51
90990000,0.3019,0,2024-04-28 00:17:51
90985000,0.0335,0,2024-04-28 00:17:51
90984000,0.0001,0,2024-04-28 00:17:51
91019000,0.1001,1,2024-04-28 00:17:51
91029000,0.0209,1,2024-04-28 00:17:51
91030000,0.0122,1,2024-04-28 00:17:51
91031000,0.001,1,2024-04-28 00:17:51
91041000,0.0065,1,2024-04-28 00:17:51
91018000,0.1437,0,2024-04-28 00:17:56
90991000,0.1249,0,2024-04-28 00:17:56
90990000,0.3019,0,2024-04-28 00:17:56
90985000,0.0335,0,2024-04-28 00:17:56
90984000,0.0001,0,2024-04-28 00:17:56
91019000,0.097,1,2024-04-28 00:17:56
91029000,0.0209,1,2024-04-28 00:17:56
91030000,0.0122,1,2024-04-28 00:17:56
91031000,0.001,1,2024-04-28 00:17:56
91041000,0.0065,1,2024-04-28 00:17:56
91018000,0.1437,0,2024-04-28 00:18:01
90991000,0.1249,0,2024-04-28 00:18:01
90990000,0.3019,0,2024-04-28 00:18:01
90985000,0.0335,0,2024-04-28 00:18:01
90984000,0.0001,0,2024-04-28 00:18:01
91019000,0.0668,1,2024-04-28 00:18:01
91029000,0.0209,1,2024-04-28 00:18:01
91030000,0.0122,1,2024-04-28 00:18:01
91031000,0.001,1,2024-04-28 00:18:01
91041000,0.0065,1,2024-04-28 00:18:01
91018000,0.1437,0,2024-04-28 00:18:06
90991000,0.1249,0,2024-04-28 00:18:06
90990000,0.2964,0,2024-04-28 00:18:06
90985000,0.0335,0,2024-04-28 00:18:06
90984000,0.0001,0,2024-04-28 00:18:06
91019000,0.0668,1,2024-04-28 00:18:06
91029000,0.0209,1,2024-04-28 00:18:06
91030000,0.0122,1,2024-04-28 00:18:06
91031000,0.001,1,2024-04-28 00:18:06
91041000,0.0065,1,2024-04-28 00:18:06
91018000,0.129,0,2024-04-28 00:18:11
90991000,0.1249,0,2024-04-28 00:18:11
90990000,0.2964,0,2024-04-28 00:18:11
90985000,0.0335,0,2024-04-28 00:18:11
90984000,0.0001,0,2024-04-28 00:18:11
91019000,0.0669,1,2024-04-28 00:18:11
91029000,0.0209,1,2024-04-28 00:18:11
91030000,0.0122,1,2024-04-28 00:18:11
91031000,0.001,1,2024-04-28 00:18:11
91041000,0.0065,1,2024-04-28 00:18:11
91018000,0.1293,0,2024-04-28 00:18:16
90999000,0.1243,0,2024-04-28 00:18:16
90998000,0.328,0,2024-04-28 00:18:16
90991000,0.0002,0,2024-04-28 00:18:16
90990000,0.2962,0,2024-04-28 00:18:16
91019000,0.0563,1,2024-04-28 00:18:16
91029000,0.0209,1,2024-04-28 00:18:16
91030000,0.0122,1,2024-04-28 00:18:16
91031000,0.001,1,2024-04-28 00:18:16
91041000,0.0065,1,2024-04-28 00:18:16
91018000,0.1348,0,2024-04-28 00:18:21
90999000,0.1245,0,2024-04-28 00:18:21
90998000,0.328,0,2024-04-28 00:18:21
90990000,0.2962,0,2024-04-28 00:18:21
90985000,0.0335,0,2024-04-28 00:18:21
91029000,0.0209,1,2024-04-28 00:18:21
91030000,0.0122,1,2024-04-28 00:18:21
91031000,0.001,1,2024-04-28 00:18:21
91041000,0.0065,1,2024-04-28 00:18:21
91058000,0.0002,1,2024-04-28 00:18:21
91021000,0.001,0,2024-04-28 00:18:26
91020000,0.001,0,2024-04-28 00:18:26
91019000,0.0001,0,2024-04-28 00:18:26
91018000,0.1351,0,2024-04-28 00:18:26
91008000,0.1242,0,2024-04-28 00:18:26
91029000,0.0209,1,2024-04-28 00:18:26
91030000,0.0122,1,2024-04-28 00:18:26
91031000,0.001,1,2024-04-28 00:18:26
91041000,0.0065,1,2024-04-28 00:18:26
91058000,0.0002,1,2024-04-28 00:18:26
91023000,0.001,0,2024-04-28 00:18:31
91022000,0.001,0,2024-04-28 00:18:31
91021000,0.0001,0,2024-04-28 00:18:31
91019000,0.0001,0,2024-04-28 00:18:31
91018000,0.135,0,2024-04-28 00:18:31
91029000,0.0209,1,2024-04-28 00:18:31
91030000,0.0122,1,2024-04-28 00:18:31
91031000,0.001,1,2024-04-28 00:18:31
91041000,0.0065,1,2024-04-28 00:18:31
91058000,0.0002,1,2024-04-28 00:18:31
91024000,0.001,0,2024-04-28 00:18:36
91023000,0.2,0,2024-04-28 00:18:36
91022000,0.0002,0,2024-04-28 00:18:36
91019000,0.1243,0,2024-04-28 00:18:36
91018000,0.135,0,2024-04-28 00:18:36
91029000,0.0209,1,2024-04-28 00:18:36
91030000,0.0122,1,2024-04-28 00:18:36
91031000,0.001,1,2024-04-28 00:18:36
91041000,0.0065,1,2024-04-28 00:18:36
91058000,0.0002,1,2024-04-28 00:18:36
91026000,0.1242,0,2024-04-28 00:18:41
91025000,0.1999,0,2024-04-28 00:18:41
91024000,0.0003,0,2024-04-28 00:18:41
91018000,0.1348,0,2024-04-28 00:18:41
91007000,0.328,0,2024-04-28 00:18:41
91029000,0.0197,1,2024-04-28 00:18:41
91030000,0.0122,1,2024-04-28 00:18:41
91031000,0.001,1,2024-04-28 00:18:41
91041000,0.0065,1,2024-04-28 00:18:41
91058000,0.0002,1,2024-04-28 00:18:41
91027000,0.2009,0,2024-04-28 00:18:47
91026000,0.0011,0,2024-04-28 00:18:47
91025000,0.0002,0,2024-04-28 00:18:47
91018000,0.1348,0,2024-04-28 00:18:47
91008000,0.1242,0,2024-04-28 00:18:47
91029000,0.2428,1,2024-04-28 00:18:47
91030000,0.0122,1,2024-04-28 00:18:47
91031000,0.001,1,2024-04-28 00:18:47
91041000,0.0065,1,2024-04-28 00:18:47
91058000,0.0002,1,2024-04-28 00:18:47
91028000,0.5248,0,2024-04-28 00:18:52
91027000,0.0001,0,2024-04-28 00:18:52
91026000,0.0002,0,2024-04-28 00:18:52
91018000,0.1348,0,2024-04-28 00:18:52
91007000,0.328,0,2024-04-28 00:18:52
91029000,0.2428,1,2024-04-28 00:18:52
91030000,0.0122,1,2024-04-28 00:18:52
91031000,0.001,1,2024-04-28 00:18:52
91041000,0.0065,1,2024-04-28 00:18:52
91058000,0.0002,1,2024-04-28 00:18:52
91018000,0.1113,0,2024-04-28 00:18:57
91004000,0.328,0,2024-04-28 00:18:57
91003000,0.328,0,2024-04-28 00:18:57
90994000,0.0822,0,2024-04-28 00:18:57
90993000,0.049,0,2024-04-28 00:18:57
91029000,0.2451,1,2024-04-28 00:18:57
91030000,0.0122,1,2024-04-28 00:18:57
91031000,0.001,1,2024-04-28 00:18:57
91041000,0.0065,1,2024-04-28 00:18:57
91058000,0.0002,1,2024-04-28 00:18:57
91019000,0.001,0,2024-04-28 00:19:02
91018000,0.1113,0,2024-04-28 00:19:02
91005000,0.1252,0,2024-04-28 00:19:02
91004000,0.328,0,2024-04-28 00:19:02
91003000,0.328,0,2024-04-28 00:19:02
91029000,0.2429,1,2024-04-28 00:19:02
91030000,0.0122,1,2024-04-28 00:19:02
91031000,0.001,1,2024-04-28 00:19:02
91041000,0.0065,1,2024-04-28 00:19:02
91058000,0.0002,1,2024-04-28 00:19:02
91020000,0.001,0,2024-04-28 00:19:07
91019000,0.001,0,2024-04-28 00:19:07
91018000,0.1113,0,2024-04-28 00:19:07
91005000,0.1252,0,2024-04-28 00:19:07
91004000,0.328,0,2024-04-28 00:19:07
91029000,0.2371,1,2024-04-28 00:19:07
91030000,0.0122,1,2024-04-28 00:19:07
91031000,0.001,1,2024-04-28 00:19:07
91041000,0.0065,1,2024-04-28 00:19:07
91058000,0.0002,1,2024-04-28 00:19:07
91029000,0.0039,0,2024-04-28 00:19:12
91018000,0.1113,0,2024-04-28 00:19:12
91005000,0.1254,0,2024-04-28 00:19:12
91004000,0.328,0,2024-04-28 00:19:12
91003000,0.328,0,2024-04-28 00:19:12
91030000,0.0122,1,2024-04-28 00:19:12
91031000,0.001,1,2024-04-28 00:19:12
91041000,0.0065,1,2024-04-28 00:19:12
91058000,0.0002,1,2024-04-28 00:19:12
91078000,0.001,1,2024-04-28 00:19:12
91030000,0.006,0,2024-04-28 00:19:17
91029000,0.0049,0,2024-04-28 00:19:17
91018000,0.1113,0,2024-04-28 00:19:17
91005000,0.1267,0,2024-04-28 00:19:17
91004000,0.328,0,2024-04-28 00:19:17
91031000,0.001,1,2024-04-28 00:19:17
91041000,0.0065,1,2024-04-28 00:19:17
91058000,0.0002,1,2024-04-28 00:19:17
91072000,0.0122,1,2024-04-28 00:19:17
91078000,0.001,1,2024-04-28 00:19:17
91030000,0.0071,0,2024-04-28 00:19:22
91029000,0.0028,0,2024-04-28 00:19:22
91019000,0.126,0,2024-04-28 00:19:22
91018000,0.1115,0,2024-04-28 00:19:22
91004000,0.328,0,2024-04-28 00:19:22
91031000,0.001,1,2024-04-28 00:19:22
91058000,0.0002,1,2024-04-28 00:19:22
91078000,0.001,1,2024-04-28 00:19:22
91086000,0.0012,1,2024-04-28 00:19:22
91087000,0.0002,1,2024-04-28 00:19:22
91041000,0.001,0,2024-04-28 00:19:27
91040000,0.1274,0,2024-04-28 00:19:27
91039000,0.328,0,2024-04-28 00:19:27
91031000,0.001,0,2024-04-28 00:19:27
91030000,0.0059,0,2024-04-28 00:19:27
91097000,0.0,1,2024-04-28 00:19:27
91104000,0.0633,1,2024-04-28 00:19:27
91105000,0.02,1,2024-04-28 00:19:27
91108000,0.1096,1,2024-04-28 00:19:27
91120000,0.0206,1,2024-04-28 00:19:27
91041000,0.0011,0,2024-04-28 00:19:32
91040000,0.1273,0,2024-04-28 00:19:32
91039000,0.3282,0,2024-04-28 00:19:32
91030000,0.0049,0,2024-04-28 00:19:32
91018000,0.1113,0,2024-04-28 00:19:32
91097000,0.0,1,2024-04-28 00:19:32
91103000,0.001,1,2024-04-28 00:19:32
91104000,0.0633,1,2024-04-28 00:19:32
91105000,0.02,1,2024-04-28 00:19:32
91118000,0.1096,1,2024-04-28 00:19:32
91043000,0.001,0,2024-04-28 00:19:37
91042000,0.0011,0,2024-04-28 00:19:37
91041000,0.0026,0,2024-04-28 00:19:37
91040000,0.1273,0,2024-04-28 00:19:37
91039000,0.3282,0,2024-04-28 00:19:37
91097000,0.0,1,2024-04-28 00:19:37
91103000,0.001,1,2024-04-28 00:19:37
91104000,0.0633,1,2024-04-28 00:19:37
91105000,0.02,1,2024-04-28 00:19:37
91117000,0.1096,1,2024-04-28 00:19:37
91042000,0.0001,0,2024-04-28 00:19:42
91041000,0.0016,0,2024-04-28 00:19:42
91040000,0.1273,0,2024-04-28 00:19:42
91039000,0.3282,0,2024-04-28 00:19:42
91030000,0.0093,0,2024-04-28 00:19:42
91104000,0.0559,1,2024-04-28 00:19:42
91105000,0.02,1,2024-04-28 00:19:42
91117000,0.1096,1,2024-04-28 00:19:42
91120000,0.0208,1,2024-04-28 00:19:42
91125000,0.0647,1,2024-04-28 00:19:42
91044000,0.001,0,2024-04-28 00:19:47
91043000,0.1284,0,2024-04-28 00:19:47
91042000,0.033,0,2024-04-28 00:19:47
91041000,0.0016,0,2024-04-28 00:19:47
91039000,0.3282,0,2024-04-28 00:19:47
91104000,0.0559,1,2024-04-28 00:19:47
91105000,0.02,1,2024-04-28 00:19:47
91117000,0.1096,1,2024-04-28 00:19:47
91120000,0.0208,1,2024-04-28 00:19:47
91125000,0.0647,1,2024-04-28 00:19:47
91045000,0.0008,0,2024-04-28 00:19:52
91041000,0.0016,0,2024-04-28 00:19:52
91040000,0.1273,0,2024-04-28 00:19:52
91039000,0.3282,0,2024-04-28 00:19:52
91030000,0.0093,0,2024-04-28 00:19:52
91104000,0.0559,1,2024-04-28 00:19:52
91105000,0.02,1,2024-04-28 00:19:52
91117000,0.1096,1,2024-04-28 00:19:52
91120000,0.0208,1,2024-04-28 00:19:52
91125000,0.0647,1,2024-04-28 00:19:52
91047000,0.001,0,2024-04-28 00:19:57
91046000,0.0011,0,2024-04-28 00:19:57
91045000,0.0007,0,2024-04-28 00:19:57
91041000,0.0016,0,2024-04-28 00:19:57
91040000,0.1273,0,2024-04-28 00:19:57
91104000,0.0559,1,2024-04-28 00:19:57
91105000,0.02,1,2024-04-28 00:19:57
91117000,0.1096,1,2024-04-28 00:19:57
91120000,0.0208,1,2024-04-28 00:19:57
91125000,0.0647,1,2024-04-28 00:19:57
91046000,0.0011,0,2024-04-28 00:20:03
91041000,0.0016,0,2024-04-28 00:20:03
91040000,0.1273,0,2024-04-28 00:20:03
91039000,0.3282,0,2024-04-28 00:20:03
91030000,0.0093,0,2024-04-28 00:20:03
91104000,0.0559,1,2024-04-28 00:20:03
91105000,0.02,1,2024-04-28 00:20:03
91117000,0.1096,1,2024-04-28 00:20:03
91120000,0.0208,1,2024-04-28 00:20:03
91125000,0.0647,1,2024-04-28 00:20:03
91047000,0.0012,0,2024-04-28 00:20:08
91041000,0.0016,0,2024-04-28 00:20:08
91040000,0.1273,0,2024-04-28 00:20:08
91039000,0.3282,0,2024-04-28 00:20:08
91030000,0.0093,0,2024-04-28 00:20:08
91104000,0.0559,1,2024-04-28 00:20:08
91105000,0.02,1,2024-04-28 00:20:08
91117000,0.1096,1,2024-04-28 00:20:08
91120000,0.0208,1,2024-04-28 00:20:08
91125000,0.0647,1,2024-04-28 00:20:08
91048000,0.0012,0,2024-04-28 00:20:13
91047000,0.001,0,2024-04-28 00:20:13
91041000,0.0016,0,2024-04-28 00:20:13
91040000,0.1273,0,2024-04-28 00:20:13
91039000,0.3282,0,2024-04-28 00:20:13
91104000,0.0557,1,2024-04-28 00:20:13
91105000,0.02,1,2024-04-28 00:20:13
91115000,0.1096,1,2024-04-28 00:20:13
91120000,0.0208,1,2024-04-28 00:20:13
91125000,0.0647,1,2024-04-28 00:20:13
91049000,0.0012,0,2024-04-28 00:20:18
91041000,0.0016,0,2024-04-28 00:20:18
91039000,0.0002,0,2024-04-28 00:20:18
91030000,0.0093,0,2024-04-28 00:20:18
91019000,0.1273,0,2024-04-28 00:20:18
91103000,0.1096,1,2024-04-28 00:20:18
91104000,0.0546,1,2024-04-28 00:20:18
91105000,0.02,1,2024-04-28 00:20:18
91119000,0.0723,1,2024-04-28 00:20:18
91120000,0.0208,1,2024-04-28 00:20:18
91052000,0.1273,0,2024-04-28 00:20:23
91051000,0.018,0,2024-04-28 00:20:23
91050000,0.0019,0,2024-04-28 00:20:23
91049000,0.001,0,2024-04-28 00:20:23
91041000,0.0016,0,2024-04-28 00:20:23
91104000,0.0546,1,2024-04-28 00:20:23
91105000,0.02,1,2024-04-28 00:20:23
91120000,0.0208,1,2024-04-28 00:20:23
91123000,0.1096,1,2024-04-28 00:20:23
91125000,0.0647,1,2024-04-28 00:20:23
91041000,0.0016,0,2024-04-28 00:20:28
91039000,0.0002,0,2024-04-28 00:20:28
91030000,0.0093,0,2024-04-28 00:20:28
91019000,0.1273,0,2024-04-28 00:20:28
91018000,0.1115,0,2024-04-28 00:20:28
91050000,0.0031,1,2024-04-28 00:20:28
91083000,0.0093,1,2024-04-28 00:20:28
91105000,0.02,1,2024-04-28 00:20:28
91119000,0.0779,1,2024-04-28 00:20:28
91120000,0.0208,1,2024-04-28 00:20:28
91041000,0.0016,0,2024-04-28 00:20:33
91039000,0.0002,0,2024-04-28 00:20:33
91030000,0.0044,0,2024-04-28 00:20:33
91019000,0.1273,0,2024-04-28 00:20:33
91018000,0.1115,0,2024-04-28 00:20:33
91050000,0.0031,1,2024-04-28 00:20:33
91085000,0.0093,1,2024-04-28 00:20:33
91105000,0.02,1,2024-04-28 00:20:33
91119000,0.0792,1,2024-04-28 00:20:33
91120000,0.0208,1,2024-04-28 00:20:33
91019000,0.1256,0,2024-04-28 00:20:38
91018000,0.1115,0,2024-04-28 00:20:38
91016000,1.228,0,2024-04-28 00:20:38
91003000,0.0505,0,2024-04-28 00:20:38
91001000,0.0317,0,2024-04-28 00:20:38
91049000,0.0022,1,2024-04-28 00:20:38
91050000,0.0029,1,2024-04-28 00:20:38
91085000,0.0093,1,2024-04-28 00:20:38
91104000,0.0804,1,2024-04-28 00:20:38
91105000,0.02,1,2024-04-28 00:20:38
91020000,0.0049,0,2024-04-28 00:20:43
91019000,0.1256,0,2024-04-28 00:20:43
91018000,0.1115,0,2024-04-28 00:20:43
91016000,1.228,0,2024-04-28 00:20:43
91003000,0.0505,0,2024-04-28 00:20:43
91049000,0.0002,1,2024-04-28 00:20:43
91050000,0.0029,1,2024-04-28 00:20:43
91085000,0.0093,1,2024-04-28 00:20:43
91104000,0.0765,1,2024-04-28 00:20:43
91105000,0.02,1,2024-04-28 00:20:43
91020000,0.0049,0,2024-04-28 00:20:48
91019000,0.1256,0,2024-04-28 00:20:48
91018000,0.1115,0,2024-04-28 00:20:48
91016000,1.228,0,2024-04-28 00:20:48
91003000,0.0505,0,2024-04-28 00:20:48
91048000,0.0022,1,2024-04-28 00:20:48
91050000,0.0029,1,2024-04-28 00:20:48
91085000,0.0093,1,2024-04-28 00:20:48
91104000,0.073,1,2024-04-28 00:20:48
91105000,0.02,1,2024-04-28 00:20:48
91018000,0.0737,0,2024-04-28 00:20:53
91000000,0.0001,0,2024-04-28 00:20:53
90997000,0.328,0,2024-04-28 00:20:53
90985000,0.0335,0,2024-04-28 00:20:53
90984000,0.0003,0,2024-04-28 00:20:53
91046000,0.0183,1,2024-04-28 00:20:53
91047000,0.002,1,2024-04-28 00:20:53
91050000,0.0029,1,2024-04-28 00:20:53
91070000,0.1096,1,2024-04-28 00:20:53
91104000,0.073,1,2024-04-28 00:20:53
91018000,0.0737,0,2024-04-28 00:20:58
91000000,0.0001,0,2024-04-28 00:20:58
90997000,0.0002,0,2024-04-28 00:20:58
90986000,0.1275,0,2024-04-28 00:20:58
90985000,0.0335,0,2024-04-28 00:20:58
91046000,0.0183,1,2024-04-28 00:20:58
91050000,0.0029,1,2024-04-28 00:20:58
91052000,0.1096,1,2024-04-28 00:20:58
91104000,0.0653,1,2024-04-28 00:20:58
91105000,0.0202,1,2024-04-28 00:20:58
90985000,0.0304,0,2024-04-28 00:21:04
90984000,0.0003,0,2024-04-28 00:21:04
90983000,0.0001,0,2024-04-28 00:21:04
90982000,0.0054,0,2024-04-28 00:21:04
90980000,0.0013,0,2024-04-28 00:21:04
91016000,0.1097,1,2024-04-28 00:21:04
91017000,0.0314,1,2024-04-28 00:21:04
91018000,0.0002,1,2024-04-28 00:21:04
91019000,0.3303,1,2024-04-28 00:21:04
91050000,0.0967,1,2024-04-28 00:21:04
90985000,0.0304,0,2024-04-28 00:21:09
90984000,0.0003,0,2024-04-28 00:21:09
90983000,0.0001,0,2024-04-28 00:21:09
90982000,0.0054,0,2024-04-28 00:21:09
90980000,0.0013,0,2024-04-28 00:21:09
91014000,0.0023,1,2024-04-28 00:21:09
91017000,0.0304,1,2024-04-28 00:21:09
91019000,0.3282,1,2024-04-28 00:21:09
91026000,0.1097,1,2024-04-28 00:21:09
91050000,0.0029,1,2024-04-28 00:21:09
90987000,0.001,0,2024-04-28 00:21:14
90986000,0.001,0,2024-04-28 00:21:14
90985000,0.0305,0,2024-04-28 00:21:14
90984000,0.0003,0,2024-04-28 00:21:14
90983000,0.0001,0,2024-04-28 00:21:14
91016000,0.1097,1,2024-04-28 00:21:14
91017000,0.0235,1,2024-04-28 00:21:14
91019000,0.3282,1,2024-04-28 00:21:14
91050000,0.0029,1,2024-04-28 00:21:14
91055000,0.328,1,2024-04-28 00:21:14
90988000,0.001,0,2024-04-28 00:21:19
90987000,0.0001,0,2024-04-28 00:21:19
90985000,0.0304,0,2024-04-28 00:21:19
90984000,0.0003,0,2024-04-28 00:21:19
90983000,0.0001,0,2024-04-28 00:21:19
91001000,0.3279,1,2024-04-28 00:21:19
91017000,0.0235,1,2024-04-28 00:21:19
91019000,0.0002,1,2024-04-28 00:21:19
91050000,0.0029,1,2024-04-28 00:21:19
91055000,0.328,1,2024-04-28 00:21:19
90990000,0.001,0,2024-04-28 00:21:24
90989000,0.0011,0,2024-04-28 00:21:24
90988000,0.001,0,2024-04-28 00:21:24
90985000,0.0332,0,2024-04-28 00:21:24
90984000,0.0003,0,2024-04-28 00:21:24
91001000,0.5279,1,2024-04-28 00:21:24
91017000,0.0235,1,2024-04-28 00:21:24
91019000,0.0002,1,2024-04-28 00:21:24
91050000,0.0029,1,2024-04-28 00:21:24
91055000,0.328,1,2024-04-28 00:21:24
90986000,0.001,0,2024-04-28 00:21:29
90985000,0.0332,0,2024-04-28 00:21:29
90984000,0.0003,0,2024-04-28 00:21:29
90983000,0.0001,0,2024-04-28 00:21:29
90982000,0.0054,0,2024-04-28 00:21:29
90987000,0.0332,1,2024-04-28 00:21:29
90988000,0.2928,1,2024-04-28 00:21:29
91001000,0.3279,1,2024-04-28 00:21:29
91019000,0.0002,1,2024-04-28 00:21:29
91050000,0.0029,1,2024-04-28 00:21:29
90985000,0.0332,0,2024-04-28 00:21:34
90984000,0.0003,0,2024-04-28 00:21:34
90983000,0.0001,0,2024-04-28 00:21:34
90982000,0.0054,0,2024-04-28 00:21:34
90980000,0.0014,0,2024-04-28 00:21:34
90987000,0.2319,1,2024-04-28 00:21:34
90988000,0.0934,1,2024-04-28 00:21:34
91001000,0.3279,1,2024-04-28 00:21:34
91008000,0.1097,1,2024-04-28 00:21:34
91019000,0.0002,1,2024-04-28 00:21:34
90986000,0.002,0,2024-04-28 00:21:39
90985000,0.0332,0,2024-04-28 00:21:39
90984000,0.0003,0,2024-04-28 00:21:39
90983000,0.0001,0,2024-04-28 00:21:39
90982000,0.0054,0,2024-04-28 00:21:39
90987000,0.2312,1,2024-04-28 00:21:39
90988000,0.0934,1,2024-04-28 00:21:39
91001000,0.3279,1,2024-04-28 00:21:39
91008000,0.1097,1,2024-04-28 00:21:39
91019000,0.0002,1,2024-04-28 00:21:39
90985000,0.0342,0,2024-04-28 00:21:44
90984000,0.0003,0,2024-04-28 00:21:44
90983000,0.0001,0,2024-04-28 00:21:44
90982000,0.0054,0,2024-04-28 00:21:44
90980000,0.0014,0,2024-04-28 00:21:44
90986000,0.203,1,2024-04-28 00:21:44
90987000,0.0311,1,2024-04-28 00:21:44
90988000,0.0007,1,2024-04-28 00:21:44
91001000,0.3279,1,2024-04-28 00:21:44
91008000,0.1097,1,2024-04-28 00:21:44
90985000,0.033,0,2024-04-28 00:21:49
90984000,0.0002,0,2024-04-28 00:21:49
90983000,0.0001,0,2024-04-28 00:21:49
90982000,0.0054,0,2024-04-28 00:21:49
90980000,0.0014,0,2024-04-28 00:21:49
90986000,0.203,1,2024-04-28 00:21:49
90987000,0.0311,1,2024-04-28 00:21:49
90988000,0.0007,1,2024-04-28 00:21:49
91001000,0.3279,1,2024-04-28 00:21:49
91019000,0.0002,1,2024-04-28 00:21:49
90985000,0.035,0,2024-04-28 00:21:54
90984000,0.0002,0,2024-04-28 00:21:54
90983000,0.0001,0,2024-04-28 00:21:54
90982000,0.0054,0,2024-04-28 00:21:54
90980000,0.0014,0,2024-04-28 00:21:54
90986000,0.203,1,2024-04-28 00:21:54
